2750 4658
152 400 221 450 nm.
249 399 297 448 11.
329 398 376 452 nn
401 385 538 448 nonnis
563 395 759 464 rnomors,
785 396 896 446 misr.
914 399 998 450 rvr.
1027 378 1098 454 263

75 539 248 614 peterse
268 537 448 598 causam,
467 508 537 586 sed
553 508 691 586 malcas
714 515 918 609 variasque
940 537 1017 586 esse
1041 523 1100 597 ,vt-

81 632 167 707 aeri.
185 639 322 730 Atque
339 632 389 702 ita
408 628 580 729 egregius
596 628 659 702 iile
683 629 916 704 anatomicos
933 629 1100 709 humana

83 751 264 824 cadavera
285 762 375 848 post
389 754 659 848 praeceptorem
673 746 912 836 dissecando,
926 773 1006 828 non
1017 777 1098 826 mo·

85 867 130 938 do
144 865 382 956 illustrabat,
404 889 538 940 verum
558 864 715 964 insuper
733 862 985 964 amplificabat
1000 871 1099 944 anti·

86 985 361 1082 quissimorum
387 981 624 1056 medicorum
640 981 872 1074 doctrinam.
900 981 957 1057 Ad
983 1009 1100 1084 quam

86 1101 293 1199 respexisse
318 1099 586 1203 Fallopiumin
615 1124 661 1177 eo
686 1121 842 1199 quoque
867 1101 1100 1186 existimave—

88 1220 175 1304 rim,
194 1216 306 1316 quod
330 1218 571 1318 propositum
590 1216 777 1296 morbum
791 1241 1004 1318 aramma,
1034 1220 1102 1296 vel

89 1322 242 1408 ihoraa's
258 1335 474 1436 hydropem
487 1335 564 1410 dici
564 1360 692 1436 posse,
705 1335 955 1434 asserebat(1)
967 1390 977 1426 ‚
991 1336 1031 1410 id
1041 1353 1099 1416 cst

90 1453 116 1527 si
130 1453 384 1528 vetustissima
400 1452 505 1552 signa
516 1453 707 1544 attendas,
723 1454 968 1552 empyematis
979 1456 1097 1553 persi-

90 1570 220 1644 milem.
237 1573 355 1676 AEger
370 1571 492 1660 enim,
508 1584 552 1666 ut
572 1571 613 1645 in
629 1569 715 1652 loeo
731 1570 798 1645 illo
816 1585 872 1644 est
887 1570 976 1642 libri
997 1575 1031 1642 ΙΙ
1048 1571 1098 1650 de
1123 1587 1126 1594 ’

90 1690 219 1762 morbis
237 1712 359 1788 quem
377 1687 570 1786 Fallopius
585 1685 801 1774 indicabat:
808 1693 962 1784 patitur
979 1689 1073 1763 talia
1081 1743 1094 1779 ‚

93 1804 215 1901 qualia
231 1812 262 1878 is
278 1809 351 1904 qui
366 1817 594 1902 suppuratus
598 1803 670 1900 fit3
686 1801 768 1893 sed,
779 1817 821 1876 ut
836 1803 1093 1882 internoscere

93 1925 290 2018 possimus,
309 1921 488 2011 debilius,
504 1943 551 1994 aa
561 1919 783 1996 diuturnius.
799 1923 972 1994 Attamen
985 1936 1022 1996 et
1036 1947 1097 1996 ve·
1113 1912 1118 1918 ’

96 2035 293 2130 armentia,
307 2051 348 2112 et
362 2036 438 2112 cito
450 2037 624 2112 nocentia
639 2036 699 2108 vel
713 2034 785 2112 hos
794 2035 986 2112 interdum
999 2042 1094 2138 pati,

98 2154 324 2254 quiequam,
341 2177 421 2230 non
433 2175 525 2254 pus,
542 2151 685 2228 habent
699 2153 739 2226 in
749 2152 906 2229 thorace
916 2153 1095 2244 effusam,

98 2272 279 2350 nonnulla
303 2297 351 2349 ex
369 2270 565 2372 productis
590 2269 917 2352 observationibus
932 2271 988 2370 (a)
1009 2275 1097 2351 satis

98 2388 314 2464 ostendunt:
333 2403 370 2466 et
381 2403 531 2479 contra,
548 2388 665 2490 signis
680 2389 754 2462 illis
769 2412 896 2468 carere
910 2413 1096 2472 nonnun-

97 2505 670 2599 quamomnihus‚hauditararo
680 2505 1095 2606 plerisque3utcerteei

97 2617 366 2706 adolescentulo
381 2622 437 2722 (3)
451 2623 644 2738 undffhaec
659 2622 847 2701 scribendi
855 2624 1094 2698 occasionem

99 2737 537 2839 coepimus‚ncquefibris
549 2745 1096 2840 erat,nequetuasri‚nequepe-

100 2849 177 2926 dam
185 2872 457 2957 amaraque
468 2863 872 2956 unguiumcontractio,
883 2871 919 2930 et
927 2851 1097 2956 hydrops

101 2979 214 3048 tamen
225 2991 306 3050 erat
317 2973 490 3052 thoracis.
500 2977 597 3048 Cave
611 2988 737 3047 autem
748 2971 895 3062 credas,
908 2997 929 3044 a
943 2997 1002 3062 me
1015 2971 1096 3044 haec

103 3081 178 3160 ideo
192 3090 267 3167 dici
281 3091 386 3192 quod
400 3113 574 3166 censeam
583 3106 746 3169 veterem
760 3089 971 3178 doctrinam
981 3109 1096 3186 opor-

104 3214 168 3274 tere
181 3211 299 3304 rejici,
319 3208 426 3309 qaod
440 3233 518 3280 non
529 3209 673 3280 habeat
689 3213 788 3279 circa
799 3210 925 3278 omnia
944 3209 1093 3280 certitu·

103 3315 212 3398 dinem
227 3341 409 3400 exactam.
430 3331 513 3402 Iano
528 3323 615 3398 ideo
634 3323 737 3414 dico,
754 3323 933 3423 quiahoc
951 3325 1093 3422 ipsum,

103 3428 136 3502 in
148 3435 243 3514 libro
259 3443 305 3517 de
320 3448 446 3517 Veteri
456 3441 645 3516 Medicina
657 3441 712 3542 (4)
722 3443 886 3544 ingenue
903 3441 1093 3540 agnitum,

141 3735 181 3816 (1)
199 3745 236 3802 N.
253 3746 301 3805 aa.

139 3833 179 3915 (2)
198 3843 308 3904 Vidn.
324 3864 341 3903 a
355 3858 385 3904 et
400 3865 447 3919 17.

143 3932 183 4016 (ξ)
201 3943 237 4000 n.
250 3945 297 4004 ao.
338 3945 384 4026 (a)
403 3947 443 4005 a.
462 3963 510 4004 αι.
