2832 4662
310 395 383 484 514
482 415 529 463 nr
555 413 702 464 seorsus
726 413 770 462 rr
796 411 921 463 crusrs
946 411 1159 465 norronnrr

267 609 271 619 ,
309 540 348 606 in
364 531 518 604 thorace
531 535 695 628 reperire
717 551 885 626 unquam
905 528 1051 601 licuisse
1068 530 1324 624 confirmavit,

306 646 597 748 astipulantibus
620 646 801 744 deinceps
824 669 911 718 curn
928 645 1097 720 Beckero
1113 649 1169 748 (r)
1190 651 1323 722 sivein

306 767 483 854 bomine,
498 767 572 838 sive
587 767 627 835 in
643 763 793 851 bestiis,
813 761 987 862 pluribus
1009 765 1090 838 aliis
1105 767 1324 841 observato-

305 885 430 975 ribu5‚
453 883 576 956 donec
592 882 749 954 littrius
766 881 821 978 (a)
837 903 1000 980 paucam
1021 883 1178 980 quidem
1198 889 1240 956 in
1261 885 1323 957 ho-

305 1005 456 1076 minum
477 999 744 1101 pulmonibus,
772 999 838 1074 sed
862 999 1022 1070 multam
1041 1002 1081 1071 in
1107 1005 1323 1076 ventriculo

305 1145 442 1220 aquam
454 1122 638 1218 reperisse
657 1141 714 1205 se,
735 1118 895 1216 scripsit.

355 1247 412 1328 qr.
434 1238 531 1352 blih'l
545 1260 640 1310 vero
652 1239 697 1308 in
709 1237 755 1308 iis
776 1259 870 1336 quas
884 1234 1025 1326 dicam,
1051 1235 1226 1310 bestiolis
1242 1239 1318 1312 haec

304 1357 462 1455 con-tigit
487 1354 699 1428 observare.
725 1353 883 1426 Porcelli
905 1353 982 1425 duo
1008 1355 1154 1445 Indici,
1178 1378 1260 1430 mas
1285 1375 1323 1431 et·

304 1472 472 1563 femina.
489 1494 655 1572 quorum
677 1473 739 1545 ille
760 1474 829 1570 qui-
842 1487 883 1546 et·
899 1473 1060 1545 crassior
1076 1489 1173 1564 erat,
1202 1477 1323 1548 multo

303 1591 445 1665 diutius
461 1593 505 1664 in
522 1605 620 1690 aqua
633 1590 745 1675 uixit,
767 1590 864 1672 nihil
889 1589 1003 1686 hujus
1022 1593 1065 1662 in
1079 1594 1317 1682 ventriculO,

301 1710 398 1782 nihil
416 1712 455 1782 in
471 1709 577 1809 gula,
593 1705 688 1779 nihil
707 1709 747 1779 in
768 1723 908 1784 trunco
924 1710 1067 1780 arteria
1093 1735 1236 1808 asperae
1256 1710 1317 1782 ha-

301 1825 488 1900 buerunt:
507 1847 709 1925 spumosus
721 1823 903 1896 duntaxat
913 1823 1054 1896 humor
1067 1811 1220 1899 nance
1238 1827 1316 1925 pul-

301 1944 481 2018 monibus
491 1942 782 2042 exprimebatur.
797 1947 896 2015 Cum·
906 1941 1095 2022 dubitaret
1110 1944 1249 2042 aliquis
1258 1969 1313 2016 eo-

300 2085 388 2134 rum
407 2065 476 2163 qni
491 2063 663 2151 aderant,
687 2057 850 2140 neforto
866 2059 957 2132 duni
976 2062 1139 2159 porcelli
1155 2087 1201 2134 ex
1220 2089 1311 2161 aqua

301 2179 561 2269 auferrentur,
578 2205 621 2252 ea
635 2200 755 2276 quam·
770 2179 878 2276 girls,
902 2192 966 2250 aut
983 2179 1139 2279 larynge
1160 2202 1313 2279 prason·

296 2301 366 2372 tim
386 2299 613 2386 hausissent,
639 2295 852 2368 defluxisset
869 2295 1127 2383 inobservata,
1157 2301 1307 2371 tertium

299 2419 441 2517 pariter
457 2414 634 2490 suffocari
647 2415 759 2512 jussi,
776 2415 898 2511 capite
913 2429 1039 2489 autern
1053 2431 1251 2514 arreptum
1263 2418 1310 2488 sic

299 2533 568 2621 arilerri‚..nihil
584 2549 626 2604 ut
641 2545 768 2631 posset
786 2527 960 2621 effluere·;
982 2555 1044 2604 res
1058 2547 1188 2605 tamen
1209 2549 1253 2606 ut
1273 2535 1307 2602 in

299 2649 454 2722 duobus
469 2651 600 2748 primis
617 2673 655 2722 se
672 2649 826 2739 hanuic.
847 2650 1145 2748 necquidquam
1170 2677 1191 2722 e
1211 2675 1307 2722 com·
1396 2653 1397 2666 ¹

298 2768 438 2866 pressis
452 2767 696 2866 pulmonibus
714 2767 874 2866 prodiit,
893 2769 966 2839 nisi
983 2767 1067 2839 alba
1082 2793 1208 2866 aquea
1228 2794 1307 2868 spu-

299 2903 377 2973 nra,
406 2903 479 2957 nec
513 2906 600 2980 sane
628 2886 756 2957 multa.
787 2885 1054 2983 Epiglottidern
1074 2909 1159 2983 quae
1180 2887 1242 2960 his
1259 2899 1311 2960 est

210 3086 212 3092 ¹
296 3002 553 3075 animantibus
577 3003 789 3102 perbrevis,
815 3025 896 3074 non
912 3004 1040 3074 inveni
1066 3003 1304 3102 depressam

294 3121 422 3218 itaque
439 3121 562 3193 aditus
576 3123 615 3191 in
634 3121 827 3219 laryngern
846 3109 1006 3218 patebat.
1026 3121 1202 3193 Erinacei
1215 3149 1306 3221 quo·

213 3311 216 3316 ,
295 3263 370 3335 que
387 3238 488 3309 illam
506 3238 678 3326 brevem,
695 3252 731 3309 et
745 3237 845 3310 hanc
858 3252 1049 3337 patentem
1063 3236 1247 3313 habuere.
1266 3245 1304 3311 ln

294 3379 462 3452 quorum
479 3357 603 3428 tribus
627 3356 757 3428 eadem
777 3381 860 3452 quae
884 3357 924 3428 in
947 3355 1126 3454 porcellis
1142 3359 1301 3454 quaesivi.

291 3473 452 3569 Primus,
479 3474 609 3546 eadem
630 3474 809 3545 cautione
831 3497 876 3544 ex
896 3497 991 3570 aqua
1017 3471 1201 3566 eductus,
1222 3500 1303 3574 spu·

292 3591 387 3662 mosi
399 3592 510 3690 aquei
523 3590 919 3686 humorisjportionem
929 3590 1101 3686 exiguam
1112 3589 1152 3659 in
1165 3592 1301 3663 ventri·

232 3942 235 3948 ⁴
328 3873 372 3950 (ι)
393 3876 490 3930 Tract.
514 3873 551 3930 de
566 3873 709 3930 submers.
724 3885 851 3930 mortem
867 3872 931 3930 sine
943 3885 1015 3948 pota
1033 3891 1121 3952 aqut.

330 3971 374 4048 (a)
393 3973 520 4030 Histric
535 3972 647 4032 luced.
664 3967 737 4050 lloy.
756 3975 808 4031 des
819 3973 885 4043 Sc,
897 3989 948 4030 arr·
963 3991 1050 4048 rm
