2750 4658
321 475 391 524 ΜΟ
484 473 531 522 DE
558 469 703 523 suemus
728 475 773 524 ΕΤ
798 471 923 524 CAUSIS
947 473 1160 522 molinorum

317 611 407 660 vum
429 603 602 687 urgeret3
625 589 702 684 jam
722 612 791 685 per
812 612 850 662 se
872 613 951 659 non
973 588 1132 659 omnino
1157 611 1240 661 sero
1256 611 1308 658 va·-
1358 589 1359 626 ³

317 729 446 793 cuum,
461 719 497 778 et
514 705 669 777 dextero
681 706 850 804 alioquin
864 729 1013 804 semper
1022 706 1171 794 minus;
1188 729 1310 803 angus·

316 823 374 893 tiae
393 821 687 921 praecordiorum
709 822 761 894 ob
782 824 899 921 magis
920 821 1140 919 impeditam
1162 823 1310 921 respira-

315 940 459 1010 tionem
470 938 664 1011 vexabant.
683 940 871 1028 Alterum‚
889 939 995 1038 quod
1004 937 1084 1012 haec
1101 955 1222 1012 noctu
1234 963 1309 1037 prae·

221 1150 224 1162 ¹
317 1056 446 1127 sertim
459 1070 538 1126 erat
554 1052 754 1129 difficilior.
768 1056 813 1128 Id
827 1080 918 1128 vero
935 1057 966 1128 si
975 1071 1071 1128 esset
1088 1058 1240 1154 signum
1250 1055 1306 1151 hy·

316 1171 445 1270 dropis
453 1171 676 1260 thoracis‚ut
684 1175 803 1256 nostri
812 1174 1036 1270 loquuntur,
1045 1171 1306 1272 pathognomo·

315 1290 463 1376 uicum;
479 1290 606 1360 mirari
622 1289 778 1363 deberes
789 1291 921 1388 magis,
936 1291 975 1360 in
987 1304 1044 1361 tot
1057 1289 1138 1368 aliis
1154 1313 1223 1362 seu
1231 1288 1305 1361 Val-

317 1406 434 1496 salvae,
443 1430 508 1478 seu
517 1409 655 1480 nostris
663 1406 990 1479 observationibus
1000 1407 1139 1495 deesse,
1154 1431 1264 1505 quam
1272 1408 1303 1475 in
1362 1411 1363 1428 ¹

314 1521 469 1596 bacuna
479 1527 766 1616 memorari.Qui
775 1525 1003 1598 tamenillud
1012 1525 1224 1616 docuerint,
1233 1525 1304 1623 plu·

312 1667 373 1714 res
381 1644 578 1720 acervatim
588 1646 776 1716 nominari
783 1643 927 1716 videbis
941 1643 1015 1715 acl.
1025 1639 1304 1739 Reimanno(1)‚

312 1774 350 1832 et
365 1762 538 1860 egregios
549 1763 702 1859 quidem
714 1761 890 1834 medicos.
907 1762 1054 1832 Primus
1071 1775 1198 1833 autem
1218 1759 1304 1832 exiis

312 1874 383 1949 fuit
411 1879 566 1952 Carolus
591 1881 694 1966 Piso,
721 1894 763 1951 ut
790 1879 1079 1978 Sepulchretum
1106 1879 1232 1976 ipsum
1258 1873 1302 1974 (2)

311 1997 554 2086 monstrabit,
573 1999 658 2095 qui,
676 2009 713 2069 et
727 2012 814 2096 post
825 2022 912 2069 eum
934 1996 1015 2083 alii,
1027 1995 1066 2066 id
1086 1994 1302 2068 observatio

310 2111 426 2186 nibus
453 2113 753 2213 comprobarunt
786 2115 887 2201 suis,
916 2111 1058 2184 ibidem
1087 2113 1214 2184 relatis
1245 2109 1300 2208 (3)
1353 2121 1365 2205 j

310 2231 387 2300 Nec
406 2255 496 2302 vero
511 2231 641 2329 negari
657 2246 802 2331 potest,
820 2232 851 2302 si
867 2229 913 2302 ad
932 2245 1061 2302 caetera
1081 2228 1222 2302 indicia
1240 2229 1300 2298 hoc

311 2373 464 2445 quoque
484 2349 694 2432 accesserit,
718 2365 760 2421 ut
783 2347 977 2420 bominem
997 2373 1018 2418 a
1036 2349 1161 2446 primo
1180 2369 1300 2422 somno

188 2563 190 2566 Ι
308 2480 464 2563 repente
488 2468 623 2539 excitet
646 2468 795 2564 gravior
820 2466 987 2565 spirandi
1006 2464 1227 2553 difficultas,
1250 2487 1300 2534 ve·
1365 2459 1366 2468 ³

308 2606 388 2651 ram
408 2607 503 2681 saepe
515 2606 594 2655 esse
612 2585 888 2680 conjecturam,
903 2584 1067 2657 thoracis
1082 2583 1256 2682 hydrope
1265 2582 1301 2652 la·

307 2697 464 2787 borare,
489 2701 564 2772 sive
583 2701 724 2799 quoda
743 2702 831 2774 lecti
848 2702 972 2775 calore
990 2702 1142 2801 sanguis
1159 2716 1299 2798 turgens

308 2817 394 2900 satis
413 2819 521 2916 spatii
539 2818 587 2891 ad
607 2819 881 2892 transeundum
905 2845 974 2919 per
996 2819 1198 2917 pulmones
1216 2841 1299 2915 aqua

308 2960 563 3034 compressos,
589 2953 632 3010 ut
651 2937 830 3010 Willisius
847 2936 901 3034 (4)
924 2937 1081 3025 indicat,
1104 2961 1184 3007 non
1206 2939 1297 3006 inve-

305 3055 400 3142 niat,
421 3055 497 3127 sive
515 3055 565 3127 ob
589 3057 699 3128 aliam
723 3055 849 3153 potius
871 3080 1040 3143 causam3
1060 3052 1298 3152 nequeenim

306 3171 384 3244 sola
397 3197 494 3270 aqua
513 3188 567 3246 est
584 3199 666 3272 quae
683 3173 884 3273 pulmones
905 3173 1023 3271 possit
1037 3172 1297 3276 comprimere,

294 3304 370 3360 rant
387 3289 596 3388 sanguifera
612 3277 680 3388 per
696 3292 798 3388 ipsos
814 3314 899 3361 vasa
919 3289 1143 3361 contrahere
1162 3311 1296 3386 :quan-

306 3429 420 3502 quam
433 3409 511 3477 veri
523 3407 641 3480 simile
656 3423 731 3496 est,
750 3432 850 3496 rem,
867 3409 898 3480 si
915 3408 1121 3505 generatim
1134 3405 1297 3503 accipias,

344 3717 389 3796 (r)
408 3721 475 3776 Act.
489 3720 527 3777 N.
546 3722 580 3778 C.
597 3732 671 3776 tom.
692 3740 723 3792 1,
737 3721 801 3778 obs.
821 3739 886 3793 170.

343 3816 388 3895 (2)
408 3821 442 3875 L.
459 3838 491 3890 n,
507 3838 529 3876 s.
549 3840 579 3890 1,
594 3821 692 3876 Schol.
706 3821 745 3876 ad
759 3821 825 3878 obs.
842 3821 906 3893 137.

343 3918 386 3995 (3)
407 3919 479 3976 Ead.
495 3922 526 3976 S.
539 3921 604 3975 obs.
620 3921 673 3990 81,
692 3919 738 3977 82.

342 4017 386 4096 (4)
408 4019 486 4076 lbid.
502 4021 602 4077 Schol.
617 4021 656 4076 ad
668 4021 731 4078 obs.
750 4021 799 4092 76.
