<?xml version="1.0" encoding="UTF-8"?>
<!DOCTYPE html PUBLIC "-//W3C//DTD XHTML 1.0 Transitional//EN"
    "http://www.w3.org/TR/xhtml1/DTD/xhtml1-transitional.dtd">
<html xmlns="http://www.w3.org/1999/xhtml" xml:lang="en" lang="en">
 <head>
  <title>
</title>
<meta http-equiv="Content-Type" content="text/html;charset=utf-8" />
  <meta name='ocr-system' content='tesseract 3.04.00' />
  <meta name='ocr-capabilities' content='ocr_page ocr_carea ocr_par ocr_line ocrx_word'/>
</head>
<body>
  <div class='ocr_page' id='page_1' title='image "./desedibusetcaus00chaugoog_0450.png"; bbox 0 0 2820 4662; ppageno 0'>
   <div class='ocr_carea' id='block_1_1' title="bbox 215 401 1149 492">
    <p class='ocr_par' dir='ltr' id='par_1_1' title="bbox 215 401 1149 492">
     <span class='ocr_line' id='line_1_1' title="bbox 215 401 1149 492; baseline 0.006 -21"><span class='ocrx_word' id='word_1_1' title='bbox 215 425 283 471; x_wconf 79' lang='lat' dir='ltr'><strong>nra.</strong></span> <span class='ocrx_word' id='word_1_2' title='bbox 312 421 352 470; x_wconf 88' lang='lat' dir='ltr'><strong>n.</strong></span> <span class='ocrx_word' id='word_1_3' title='bbox 380 423 427 470; x_wconf 76' lang='lat' dir='ltr'><strong>nr</strong></span> <span class='ocrx_word' id='word_1_4' title='bbox 452 421 590 470; x_wconf 73' lang='lat' dir='ltr'><strong>nonnis</strong></span> <span class='ocrx_word' id='word_1_5' title='bbox 615 417 812 486; x_wconf 78' lang='lat' dir='ltr'><strong>ruonacrs,</strong></span> <span class='ocrx_word' id='word_1_6' title='bbox 837 423 949 472; x_wconf 70' lang='lat' dir='ltr'><strong>misr.</strong></span> <span class='ocrx_word' id='word_1_7' title='bbox 975 427 1052 474; x_wconf 77' lang='lat' dir='ltr'><strong>iux.</strong></span> <span class='ocrx_word' id='word_1_8' title='bbox 1077 401 1149 492; x_wconf 75' lang='grc'><strong>455</strong></span> 
     </span>
    </p>
   </div>
   <div class='ocr_carea' id='block_1_2' title="bbox 119 533 1237 3690">
    <p class='ocr_par' dir='ltr' id='par_1_2' title="bbox 133 533 1150 1222">
     <span class='ocr_line' id='line_1_2' title="bbox 136 533 1150 634; baseline 0.004 -26"><span class='ocrx_word' id='word_1_9' title='bbox 136 535 305 634; x_wconf 85' lang='lat' dir='ltr'><strong>laryngis</strong></span> <span class='ocrx_word' id='word_1_10' title='bbox 320 536 574 634; x_wconf 84' lang='lat' dir='ltr'><strong>cartilagines,</strong></span> <span class='ocrx_word' id='word_1_11' title='bbox 602 535 643 606; x_wconf 89' lang='lat' dir='ltr'><strong>in</strong></span> <span class='ocrx_word' id='word_1_12' title='bbox 667 533 748 606; x_wconf 86' lang='lat' dir='ltr'><strong>aliis</strong></span> <span class='ocrx_word' id='word_1_13' title='bbox 771 553 954 632; x_wconf 71' lang='lat' dir='ltr'><strong>supremae</strong></span> <span class='ocrx_word' id='word_1_14' title='bbox 970 538 1150 612; x_wconf 74' lang='lat' dir='ltr'><strong>vertebra</strong></span> 
     </span>
     <span class='ocr_line' id='line_1_3' title="bbox 135 651 1149 752; baseline 0.007 -28"><span class='ocrx_word' id='word_1_15' title='bbox 135 653 291 742; x_wconf 79' lang='lat' dir='ltr'><strong>luxatae,</strong></span> <span class='ocrx_word' id='word_1_16' title='bbox 311 655 369 726; x_wconf 81' lang='lat' dir='ltr'><strong>vel</strong></span> <span class='ocrx_word' id='word_1_17' title='bbox 386 651 514 752; x_wconf 85' lang='lat' dir='ltr'><strong>potius</strong></span> <span class='ocrx_word' id='word_1_18' title='bbox 530 651 673 741; x_wconf 81' lang='lat' dir='ltr'><strong>lractae,</strong></span> <span class='ocrx_word' id='word_1_19' title='bbox 695 653 734 724; x_wconf 85' lang='lat' dir='ltr'><strong>in</strong></span> <span class='ocrx_word' id='word_1_20' title='bbox 751 651 831 724; x_wconf 86' lang='lat' dir='ltr'><strong>aliis</strong></span> <span class='ocrx_word' id='word_1_21' title='bbox 849 677 940 725; x_wconf 86' lang='lat' dir='ltr'><strong>vero</strong></span> <span class='ocrx_word' id='word_1_22' title='bbox 960 654 1054 726; x_wconf 84' lang='lat' dir='ltr'><strong>nihil</strong></span> <span class='ocrx_word' id='word_1_23' title='bbox 1072 656 1149 731; x_wconf 83' lang='lat' dir='ltr'><strong>lere</strong></span> 
     </span>
     <span class='ocr_line' id='line_1_4' title="bbox 133 769 1148 870; baseline 0.006 -28"><span class='ocrx_word' id='word_1_24' title='bbox 133 769 278 843; x_wconf 89' lang='lat' dir='ltr'><strong>horum</strong></span> <span class='ocrx_word' id='word_1_25' title='bbox 302 774 523 870; x_wconf 81' lang='lat' dir='ltr'><strong>reperiatur.</strong></span> <span class='ocrx_word' id='word_1_26' title='bbox 548 775 694 869; x_wconf 87' lang='lat' dir='ltr'><strong>Ruptos</strong></span> <span class='ocrx_word' id='word_1_27' title='bbox 712 771 905 846; x_wconf 80' lang='lat' dir='ltr'><strong>musculos</strong></span> <span class='ocrx_word' id='word_1_28' title='bbox 923 772 1092 846; x_wconf 85' lang='lat' dir='ltr'><strong>Valsalva</strong></span> <span class='ocrx_word' id='word_1_29' title='bbox 1108 777 1148 848; x_wconf 92' lang='lat' dir='ltr'><strong>in</strong></span> 
     </span>
     <span class='ocr_line' id='line_1_5' title="bbox 135 885 1150 986; baseline 0.005 -27"><span class='ocrx_word' id='word_1_30' title='bbox 135 891 343 961; x_wconf 84' lang='lat' dir='ltr'><strong>novissima</strong></span> <span class='ocrx_word' id='word_1_31' title='bbox 371 889 524 962; x_wconf 83' lang='lat' dir='ltr'><strong>historia</strong></span> <span class='ocrx_word' id='word_1_32' title='bbox 539 885 555 984; x_wconf 85' lang='lat'>(</span> <span class='ocrx_word' id='word_1_33' title='bbox 569 887 611 986; x_wconf 90' lang='lat'><strong>1)</strong></span> <span class='ocrx_word' id='word_1_34' title='bbox 634 889 879 970; x_wconf 84' lang='lat' dir='ltr'><strong>memoravit..</strong></span> <span class='ocrx_word' id='word_1_35' title='bbox 896 893 991 962; x_wconf 85' lang='lat' dir='ltr'><strong>Cum</strong></span> <span class='ocrx_word' id='word_1_36' title='bbox 1015 891 1150 964; x_wconf 79' lang='lat' dir='ltr'><strong>iisdem</strong></span> 
     </span>
     <span class='ocr_line' id='line_1_6' title="bbox 136 1005 1150 1110; baseline 0.005 -33"><span class='ocrx_word' id='word_1_37' title='bbox 136 1029 235 1078; x_wconf 85' lang='lat' dir='ltr'><strong>vero</strong></span> <span class='ocrx_word' id='word_1_38' title='bbox 247 1008 358 1078; x_wconf 87' lang='lat' dir='ltr'><strong>etiam</strong></span> <span class='ocrx_word' id='word_1_39' title='bbox 371 1006 534 1102; x_wconf 85' lang='lat' dir='ltr'><strong>aliquam</strong></span> <span class='ocrx_word' id='word_1_40' title='bbox 546 1005 710 1104; x_wconf 82' lang='lat' dir='ltr'><strong>laryngis</strong></span> <span class='ocrx_word' id='word_1_41' title='bbox 720 1005 978 1104; x_wconf 77' lang='lat' dir='ltr'><strong>cartilaginem</strong></span> <span class='ocrx_word' id='word_1_42' title='bbox 1003 1008 1150 1110; x_wconf 84' lang='lat' dir='ltr'><strong>disrup-</strong></span> 
     </span>
     <span class='ocr_line' id='line_1_7' title="bbox 137 1111 1037 1222; baseline 0.003 -27"><span class='ocrx_word' id='word_1_43' title='bbox 137 1136 219 1196; x_wconf 87' lang='lat' dir='ltr'><strong>tam</strong></span> <span class='ocrx_word' id='word_1_44' title='bbox 234 1125 381 1222; x_wconf 85' lang='lat' dir='ltr'><strong>scripsit</strong></span> <span class='ocrx_word' id='word_1_45' title='bbox 392 1126 432 1195; x_wconf 92' lang='lat' dir='ltr'><strong>in</strong></span> <span class='ocrx_word' id='word_1_46' title='bbox 449 1148 492 1196; x_wconf 90' lang='lat' dir='ltr'><strong>ea</strong></span> <span class='ocrx_word' id='word_1_47' title='bbox 509 1149 592 1221; x_wconf 82' lang='lat' dir='ltr'><strong>qnae</strong></span> <span class='ocrx_word' id='word_1_48' title='bbox 607 1111 791 1196; x_wconf 81' lang='lat' dir='ltr'><strong>continuo</strong></span> <span class='ocrx_word' id='word_1_49' title='bbox 806 1124 1037 1222; x_wconf 78' lang='lat' dir='ltr'>subjicietur.</span> 
     </span>
    </p>

    <p class='ocr_par' dir='ltr' id='par_1_3' title="bbox 119 1240 1237 1810">
     <span class='ocr_line' id='line_1_8' title="bbox 192 1240 1147 1340; baseline 0.006 -28"><span class='ocrx_word' id='word_1_50' title='bbox 192 1242 247 1313; x_wconf 77' lang='lat'><strong>13.</strong></span> <span class='ocrx_word' id='word_1_51' title='bbox 277 1245 485 1340; x_wconf 89' lang='lat' dir='ltr'><strong>Suspensus</strong></span> <span class='ocrx_word' id='word_1_52' title='bbox 498 1240 640 1314; x_wconf 88' lang='lat' dir='ltr'><strong>laceros</strong></span> <span class='ocrx_word' id='word_1_53' title='bbox 650 1241 783 1314; x_wconf 90' lang='lat' dir='ltr'><strong>babuit</strong></span> <span class='ocrx_word' id='word_1_54' title='bbox 797 1245 990 1318; x_wconf 85' lang='lat' dir='ltr'><strong>musculos</strong></span> <span class='ocrx_word' id='word_1_55' title='bbox 999 1261 1147 1318; x_wconf 85' lang='lat' dir='ltr'><strong>sterno-</strong></span> 
     </span>
     <span class='ocr_line' id='line_1_9' title="bbox 131 1351 1147 1457; baseline 0.008 -26"><span class='ocrx_word' id='word_1_56' title='bbox 131 1351 438 1457; x_wconf 68' lang='lat' dir='ltr'><strong>thyroideos,&#39;ct</strong></span> <span class='ocrx_word' id='word_1_57' title='bbox 462 1359 778 1457; x_wconf 84' lang='lat' dir='ltr'><strong>byothyroideos,</strong></span> <span class='ocrx_word' id='word_1_58' title='bbox 796 1377 840 1434; x_wconf 90' lang='lat' dir='ltr'><strong>ut</strong></span> <span class='ocrx_word' id='word_1_59' title='bbox 860 1363 1147 1438; x_wconf 87' lang='lat' dir='ltr'><strong>membranacea</strong></span> 
     </span>
     <span class='ocr_line' id='line_1_10' title="bbox 130 1475 1147 1566; baseline 0.008 -19"><span class='ocrx_word' id='word_1_60' title='bbox 130 1491 285 1548; x_wconf 88' lang='lat' dir='ltr'><strong>tantum</strong></span> <span class='ocrx_word' id='word_1_61' title='bbox 304 1475 510 1548; x_wconf 85' lang='lat' dir='ltr'><strong>substantia</strong></span> <span class='ocrx_word' id='word_1_62' title='bbox 520 1476 691 1563; x_wconf 90' lang='lat' dir='ltr'><strong>,illorum</strong></span> <span class='ocrx_word' id='word_1_63' title='bbox 707 1477 811 1566; x_wconf 88' lang='lat' dir='ltr'><strong>loco,</strong></span> <span class='ocrx_word' id='word_1_64' title='bbox 824 1497 1033 1554; x_wconf 83' lang='lat' dir='ltr'>remaneret</span> <span class='ocrx_word' id='word_1_65' title='bbox 1046 1484 1147 1555; x_wconf 89' lang='lat' dir='ltr'><strong>circa</strong></span> 
     </span>
     <span class='ocr_line' id='line_1_11' title="bbox 133 1593 1237 1699; baseline 0.007 -34"><span class='ocrx_word' id='word_1_66' title='bbox 133 1594 360 1666; x_wconf 81' lang='lat' dir='ltr'><strong>annularem</strong></span> <span class='ocrx_word' id='word_1_67' title='bbox 378 1593 645 1691; x_wconf 81' lang='lat' dir='ltr'><strong>cartilaginem.</strong></span> <span class='ocrx_word' id='word_1_68' title='bbox 665 1594 769 1683; x_wconf 83' lang='lat' dir='ltr'><strong>Quin</strong></span> <span class='ocrx_word' id='word_1_69' title='bbox 784 1593 862 1666; x_wconf 85' lang='lat' dir='ltr'><strong>baec</strong></span> <span class='ocrx_word' id='word_1_70' title='bbox 874 1596 954 1695; x_wconf 83' lang='lat' dir='ltr'><strong>ipsa</strong></span> <span class='ocrx_word' id='word_1_71' title='bbox 968 1601 1145 1699; x_wconf 81' lang='lat' dir='ltr'><strong>cartilago</strong></span> <span class='ocrx_word' id='word_1_72' title='bbox 1235 1635 1237 1640; x_wconf 53' lang='grc'>’</span> 
     </span>
     <span class='ocr_line' id='line_1_12' title="bbox 119 1711 665 1810; baseline -0.004 -26"><span class='ocrx_word' id='word_1_73' title='bbox 119 1711 311 1810; x_wconf 78' lang='lat' dir='ltr'><strong>‘disrupta</strong></span> <span class='ocrx_word' id='word_1_74' title='bbox 329 1725 419 1781; x_wconf 89' lang='lat' dir='ltr'><strong>erat.</strong></span> <span class='ocrx_word' id='word_1_75' title='bbox 661 1787 665 1794; x_wconf 20' lang='lat' dir='ltr'>x</span> 
     </span>
    </p>

    <p class='ocr_par' dir='ltr' id='par_1_4' title="bbox 132 1819 1145 2255">
     <span class='ocr_line' id='line_1_13' title="bbox 185 1819 1145 1928; baseline 0.003 -25"><span class='ocrx_word' id='word_1_76' title='bbox 185 1837 230 1903; x_wconf 90' lang='lat' dir='ltr'><strong>In</strong></span> <span class='ocrx_word' id='word_1_77' title='bbox 247 1831 412 1928; x_wconf 77' lang='lat' dir='ltr'><strong>thoracis</strong></span> <span class='ocrx_word' id='word_1_78' title='bbox 435 1819 697 1902; x_wconf 84' lang='lat' dir='ltr'><strong>cavo-sinistro</strong></span> <span class='ocrx_word' id='word_1_79' title='bbox 722 1829 852 1927; x_wconf 88' lang='lat' dir='ltr'><strong>pleura</strong></span> <span class='ocrx_word' id='word_1_80' title='bbox 871 1831 934 1902; x_wconf 89' lang='lat' dir='ltr'><strong>hic</strong></span> <span class='ocrx_word' id='word_1_81' title='bbox 959 1833 1036 1905; x_wconf 90' lang='lat' dir='ltr'><strong>illic</strong></span> <span class='ocrx_word' id='word_1_82' title='bbox 1056 1836 1145 1906; x_wconf 78' lang='lat' dir='ltr'><strong>inae-</strong></span> 
     </span>
     <span class='ocr_line' id='line_1_14' title="bbox 132 1947 1145 2048; baseline 0.005 -29"><span class='ocrx_word' id='word_1_83' title='bbox 132 1950 260 2048; x_wconf 90' lang='lat' dir='ltr'><strong>qualis</strong></span> <span class='ocrx_word' id='word_1_84' title='bbox 278 1947 483 2020; x_wconf 88' lang='lat' dir='ltr'><strong>tuberculis</strong></span> <span class='ocrx_word' id='word_1_85' title='bbox 506 1947 653 2035; x_wconf 81' lang='lat' dir='ltr'><strong>multis,</strong></span> <span class='ocrx_word' id='word_1_86' title='bbox 681 1947 862 2045; x_wconf 90' lang='lat' dir='ltr'><strong>durisque</strong></span> <span class='ocrx_word' id='word_1_87' title='bbox 882 1977 891 2022; x_wconf 77' lang='lat' dir='ltr'><strong>t</strong></span> <span class='ocrx_word' id='word_1_88' title='bbox 913 1949 1050 2024; x_wconf 90' lang='lat' dir='ltr'><strong>horum</strong></span> <span class='ocrx_word' id='word_1_89' title='bbox 1074 1953 1145 2024; x_wconf 86' lang='lat' dir='ltr'><strong>alia</strong></span> 
     </span>
     <span class='ocr_line' id='line_1_15' title="bbox 132 2061 1144 2170; baseline 0.005 -32"><span class='ocrx_word' id='word_1_90' title='bbox 132 2067 266 2153; x_wconf 85' lang='lat' dir='ltr'><strong>lentis,</strong></span> <span class='ocrx_word' id='word_1_91' title='bbox 279 2067 349 2137; x_wconf 92' lang='lat' dir='ltr'><strong>alia</strong></span> <span class='ocrx_word' id='word_1_92' title='bbox 362 2066 513 2154; x_wconf 87' lang='lat' dir='ltr'><strong>ciceris,</strong></span> <span class='ocrx_word' id='word_1_93' title='bbox 526 2064 598 2136; x_wconf 87' lang='lat' dir='ltr'><strong>alia</strong></span> <span class='ocrx_word' id='word_1_94' title='bbox 608 2061 701 2136; x_wconf 79' lang='lat' dir='ltr'><strong>tabae</strong></span> <span class='ocrx_word' id='word_1_95' title='bbox 713 2066 1012 2164; x_wconf 84' lang='lat' dir='ltr'><strong>magnitudinem</strong></span> <span class='ocrx_word' id='word_1_96' title='bbox 1021 2093 1144 2170; x_wconf 79' lang='lat' dir='ltr'><strong>aeqna·</strong></span> 
     </span>
     <span class='ocr_line' id='line_1_16' title="bbox 133 2179 354 2255; baseline -0.009 -1"><span class='ocrx_word' id='word_1_97' title='bbox 133 2181 240 2255; x_wconf 90' lang='lat' dir='ltr'><strong>bant.</strong></span> <span class='ocrx_word' id='word_1_98' title='bbox 265 2179 268 2192; x_wconf 79' lang='grc'><em>’</em></span> <span class='ocrx_word' id='word_1_99' title='bbox 327 2231 354 2252; x_wconf 74' lang='grc'><strong>.,</strong></span> 
     </span>
    </p>

    <p class='ocr_par' dir='ltr' id='par_1_5' title="bbox 125 2297 1159 3690">
     <span class='ocr_line' id='line_1_17' title="bbox 190 2297 1141 2393; baseline 0.006 -22"><span class='ocrx_word' id='word_1_100' title='bbox 190 2305 242 2387; x_wconf 69' lang='lat' dir='ltr'><strong>il.</strong></span> <span class='ocrx_word' id='word_1_101' title='bbox 260 2298 470 2370; x_wconf 85' lang='lat' dir='ltr'><strong>Tubercula</strong></span> <span class='ocrx_word' id='word_1_102' title='bbox 490 2297 569 2370; x_wconf 80' lang='lat' dir='ltr'><strong>haec</strong></span> <span class='ocrx_word' id='word_1_103' title='bbox 592 2299 640 2372; x_wconf 86' lang='lat' dir='ltr'><strong>ad</strong></span> <span class='ocrx_word' id='word_1_104' title='bbox 657 2297 837 2372; x_wconf 72' lang='lat' dir='ltr'><strong>morbum·</strong></span> <span class='ocrx_word' id='word_1_105' title='bbox 858 2300 1085 2393; x_wconf 85' lang='lat' dir='ltr'><strong>attinebant,</strong></span> <span class='ocrx_word' id='word_1_106' title='bbox 1103 2320 1141 2377; x_wconf 91' lang='lat' dir='ltr'><strong>et</strong></span> 
     </span>
     <span class='ocr_line' id='line_1_18' title="bbox 129 2415 1159 2514; baseline 0.008 -26"><span class='ocrx_word' id='word_1_107' title='bbox 129 2415 352 2488; x_wconf 79' lang='lat' dir='ltr'><strong>huncfacile</strong></span> <span class='ocrx_word' id='word_1_108' title='bbox 362 2419 400 2487; x_wconf 91' lang='lat' dir='ltr'><strong>in</strong></span> <span class='ocrx_word' id='word_1_109' title='bbox 410 2417 584 2514; x_wconf 88' lang='lat' dir='ltr'><strong>squalore</strong></span> <span class='ocrx_word' id='word_1_110' title='bbox 599 2419 760 2490; x_wconf 84' lang='lat' dir='ltr'><strong>carceris</strong></span> <span class='ocrx_word' id='word_1_111' title='bbox 775 2424 1140 2498; x_wconf 78' lang='lat' dir='ltr'><strong>contractumflnnc</strong></span> <span class='ocrx_word' id='word_1_112' title='bbox 1158 2461 1159 2464; x_wconf 36' lang='lat'>¹</span> 
     </span>
     <span class='ocr_line' id='line_1_19' title="bbox 129 2534 1139 2633; baseline 0.004 -25"><span class='ocrx_word' id='word_1_113' title='bbox 129 2537 234 2609; x_wconf 86' lang='lat' dir='ltr'><strong>enim</strong></span> <span class='ocrx_word' id='word_1_114' title='bbox 247 2536 370 2633; x_wconf 90' lang='lat' dir='ltr'><strong>ipsum</strong></span> <span class='ocrx_word' id='word_1_115' title='bbox 385 2535 528 2621; x_wconf 76' lang='lat' dir='ltr'><strong>nrum,</strong></span> <span class='ocrx_word' id='word_1_116' title='bbox 541 2535 650 2631; x_wconf 89' lang='lat' dir='ltr'><strong>cujus</strong></span> <span class='ocrx_word' id='word_1_117' title='bbox 664 2557 736 2633; x_wconf 83' lang='lat' dir='ltr'><strong>ego</strong></span> <span class='ocrx_word' id='word_1_118' title='bbox 750 2534 910 2608; x_wconf 82' lang='lat' dir='ltr'><strong>cadaver</strong></span> <span class='ocrx_word' id='word_1_119' title='bbox 925 2538 1035 2610; x_wconf 88' lang='lat' dir='ltr'><strong>simul</strong></span> <span class='ocrx_word' id='word_1_120' title='bbox 1050 2559 1139 2612; x_wconf 89' lang='lat' dir='ltr'><strong>curn</strong></span> 
     </span>
     <span class='ocr_line' id='line_1_20' title="bbox 126 2653 1137 2751; baseline 0.003 -25"><span class='ocrx_word' id='word_1_121' title='bbox 126 2653 299 2726; x_wconf 83' lang='lat' dir='ltr'><strong>Valsalva</strong></span> <span class='ocrx_word' id='word_1_122' title='bbox 317 2653 479 2724; x_wconf 82' lang='lat' dir='ltr'><strong>dissecui</strong></span> <span class='ocrx_word' id='word_1_123' title='bbox 496 2653 534 2724; x_wconf 92' lang='lat' dir='ltr'><strong>in</strong></span> <span class='ocrx_word' id='word_1_124' title='bbox 559 2653 753 2751; x_wconf 82' lang='lat' dir='ltr'><strong>gymnasio</strong></span> <span class='ocrx_word' id='word_1_125' title='bbox 769 2655 1015 2744; x_wconf 81' lang='lat' dir='ltr'><strong>Bononiensi,</strong></span> <span class='ocrx_word' id='word_1_126' title='bbox 1034 2681 1137 2729; x_wconf 92' lang='lat' dir='ltr'><strong>anno</strong></span> 
     </span>
     <span class='ocr_line' id='line_1_21' title="bbox 134 2768 1135 2868; baseline 0.004 -26"><span class='ocrx_word' id='word_1_127' title='bbox 134 2773 246 2868; x_wconf 83' lang='lat'><strong>1703,</strong></span> <span class='ocrx_word' id='word_1_128' title='bbox 264 2771 484 2842; x_wconf 87' lang='lat' dir='ltr'><strong>adnotatum</strong></span> <span class='ocrx_word' id='word_1_129' title='bbox 507 2769 647 2858; x_wconf 86' lang='lat' dir='ltr'><strong>habeo,</strong></span> <span class='ocrx_word' id='word_1_130' title='bbox 670 2795 814 2843; x_wconf 88' lang='lat' dir='ltr'><strong>annum</strong></span> <span class='ocrx_word' id='word_1_131' title='bbox 832 2768 948 2844; x_wconf 85' lang='lat' dir='ltr'><strong>ferme</strong></span> <span class='ocrx_word' id='word_1_132' title='bbox 965 2771 1077 2846; x_wconf 85' lang='lat' dir='ltr'><strong>luisse</strong></span> <span class='ocrx_word' id='word_1_133' title='bbox 1096 2778 1135 2846; x_wconf 92' lang='lat' dir='ltr'><strong>in</strong></span> 
     </span>
     <span class='ocr_line' id='line_1_22' title="bbox 128 2886 1136 2987; baseline 0.004 -28"><span class='ocrx_word' id='word_1_134' title='bbox 128 2909 279 2960; x_wconf 85' lang='lat' dir='ltr'><strong>carcere</strong></span> <span class='ocrx_word' id='word_1_135' title='bbox 290 2941 299 2976; x_wconf 92' lang='lat'><strong>,</strong></span> <span class='ocrx_word' id='word_1_136' title='bbox 312 2904 349 2960; x_wconf 91' lang='lat' dir='ltr'><strong>et</strong></span> <span class='ocrx_word' id='word_1_137' title='bbox 365 2901 500 2987; x_wconf 87' lang='lat' dir='ltr'><strong>praeter</strong></span> <span class='ocrx_word' id='word_1_138' title='bbox 515 2913 558 2958; x_wconf 90' lang='lat' dir='ltr'><strong>ea</strong></span> <span class='ocrx_word' id='word_1_139' title='bbox 571 2886 769 2960; x_wconf 87' lang='lat' dir='ltr'><strong>tubercula</strong></span> <span class='ocrx_word' id='word_1_140' title='bbox 783 2887 919 2960; x_wconf 86' lang='lat' dir='ltr'><strong>duritie</strong></span> <span class='ocrx_word' id='word_1_141' title='bbox 934 2892 1042 2986; x_wconf 85' lang='lat' dir='ltr'><strong>quasi</strong></span> <span class='ocrx_word' id='word_1_142' title='bbox 1058 2915 1136 2962; x_wconf 90' lang='lat' dir='ltr'><strong>car·</strong></span> 
     </span>
     <span class='ocr_line' id='line_1_23' title="bbox 126 3003 1135 3106; baseline 0 -28"><span class='ocrx_word' id='word_1_143' title='bbox 126 3007 321 3104; x_wconf 82' lang='lat' dir='ltr'><strong>tilaginea,</strong></span> <span class='ocrx_word' id='word_1_144' title='bbox 348 3019 385 3076; x_wconf 84' lang='lat' dir='ltr'><strong>et</strong></span> <span class='ocrx_word' id='word_1_145' title='bbox 412 3019 530 3077; x_wconf 88' lang='lat' dir='ltr'><strong>totam</strong></span> <span class='ocrx_word' id='word_1_146' title='bbox 556 3003 834 3102; x_wconf 89' lang='lat' dir='ltr'><strong>propemodum</strong></span> <span class='ocrx_word' id='word_1_147' title='bbox 860 3005 1030 3106; x_wconf 87' lang='lat' dir='ltr'><strong>plenram</strong></span> <span class='ocrx_word' id='word_1_148' title='bbox 1051 3005 1135 3104; x_wconf 82' lang='lat' dir='ltr'><strong>,ejus</strong></span> 
     </span>
     <span class='ocr_line' id='line_1_24' title="bbox 126 3121 1135 3219; baseline 0.002 -25"><span class='ocrx_word' id='word_1_149' title='bbox 126 3123 255 3196; x_wconf 87' lang='lat' dir='ltr'><strong>lateris</strong></span> <span class='ocrx_word' id='word_1_150' title='bbox 271 3122 510 3210; x_wconf 84' lang='lat' dir='ltr'><strong>obsidentia,</strong></span> <span class='ocrx_word' id='word_1_151' title='bbox 523 3121 716 3192; x_wconf 83' lang='lat' dir='ltr'><strong>sinistrum</strong></span> <span class='ocrx_word' id='word_1_152' title='bbox 739 3144 894 3218; x_wconf 86' lang='lat' dir='ltr'><strong>quoque</strong></span> <span class='ocrx_word' id='word_1_153' title='bbox 912 3123 1135 3219; x_wconf 86' lang='lat' dir='ltr'><strong>pulmonem</strong></span> 
     </span>
     <span class='ocr_line' id='line_1_25' title="bbox 125 3236 1135 3339; baseline 0.004 -28"><span class='ocrx_word' id='word_1_154' title='bbox 125 3240 355 3339; x_wconf 89' lang='lat' dir='ltr'><strong>quibusdam</strong></span> <span class='ocrx_word' id='word_1_155' title='bbox 364 3241 458 3311; x_wconf 87' lang='lat' dir='ltr'><strong>locis</strong></span> <span class='ocrx_word' id='word_1_156' title='bbox 468 3237 726 3314; x_wconf 86' lang='lat' dir='ltr'><strong>duriusculum</strong></span> <span class='ocrx_word' id='word_1_157' title='bbox 735 3236 976 3324; x_wconf 85' lang='lat' dir='ltr'><strong>habuisse,in</strong></span> <span class='ocrx_word' id='word_1_158' title='bbox 986 3239 1135 3314; x_wconf 89' lang='lat' dir='ltr'><strong>eodem·</strong></span> 
     </span>
     <span class='ocr_line' id='line_1_26' title="bbox 126 3354 1135 3456; baseline 0.002 -28"><span class='ocrx_word' id='word_1_159' title='bbox 126 3383 203 3456; x_wconf 91' lang='lat' dir='ltr'><strong>que</strong></span> <span class='ocrx_word' id='word_1_160' title='bbox 221 3357 384 3430; x_wconf 82' lang='lat' dir='ltr'><strong>thoracis</strong></span> <span class='ocrx_word' id='word_1_161' title='bbox 403 3381 494 3428; x_wconf 88' lang='lat' dir='ltr'><strong>cavo</strong></span> <span class='ocrx_word' id='word_1_162' title='bbox 512 3356 660 3454; x_wconf 89' lang='lat' dir='ltr'><strong>copiam</strong></span> <span class='ocrx_word' id='word_1_163' title='bbox 677 3354 864 3428; x_wconf 82' lang='lat' dir='ltr'><strong>modicam</strong></span> <span class='ocrx_word' id='word_1_164' title='bbox 881 3355 1135 3430; x_wconf 82' lang='lat' dir='ltr'><strong>humoris&#39;ru·</strong></span> 
     </span>
     <span class='ocr_line' id='line_1_27' title="bbox 126 3458 1133 3574; baseline 0 -27"><span class='ocrx_word' id='word_1_165' title='bbox 126 3475 262 3554; x_wconf 66' lang='lat' dir='ltr'><strong>bentiss</strong></span> <span class='ocrx_word' id='word_1_166' title='bbox 278 3478 369 3566; x_wconf 86' lang='lat' dir='ltr'><strong>Quae</strong></span> <span class='ocrx_word' id='word_1_167' title='bbox 383 3485 506 3548; x_wconf 88' lang='lat' dir='ltr'><strong>antem</strong></span> <span class='ocrx_word' id='word_1_168' title='bbox 525 3495 642 3546; x_wconf 69' lang='lat' dir='ltr'><strong>causat</strong></span> <span class='ocrx_word' id='word_1_169' title='bbox 655 3471 791 3544; x_wconf 80' lang='lat' dir='ltr'><strong>faciant</strong></span> <span class='ocrx_word' id='word_1_170' title='bbox 802 3527 812 3563; x_wconf 94' lang='lat'><strong>,</strong></span> <span class='ocrx_word' id='word_1_171' title='bbox 824 3489 867 3546; x_wconf 90' lang='lat' dir='ltr'><strong>ut</strong></span> <span class='ocrx_word' id='word_1_172' title='bbox 879 3467 1052 3564; x_wconf 84' lang='lat' dir='ltr'><strong>reorum,</strong></span> <span class='ocrx_word' id='word_1_173' title='bbox 1067 3458 1133 3574; x_wconf 82' lang='lat' dir='ltr'><strong>qiii</strong></span> 
     </span>
     <span class='ocr_line' id='line_1_28' title="bbox 125 3590 1134 3690; baseline -0.001 -26"><span class='ocrx_word' id='word_1_174' title='bbox 125 3590 268 3666; x_wconf 86' lang='lat' dir='ltr'><strong>diutius</strong></span> <span class='ocrx_word' id='word_1_175' title='bbox 279 3594 318 3664; x_wconf 91' lang='lat' dir='ltr'><strong>in</strong></span> <span class='ocrx_word' id='word_1_176' title='bbox 332 3615 481 3665; x_wconf 79' lang='lat' dir='ltr'><strong>carcere</strong></span> <span class='ocrx_word' id='word_1_177' title='bbox 497 3592 733 3682; x_wconf 87' lang='lat' dir='ltr'><strong>detinentur,</strong></span> <span class='ocrx_word' id='word_1_178' title='bbox 746 3592 808 3664; x_wconf 80' lang='lat' dir='ltr'><strong>vix</strong></span> <span class='ocrx_word' id='word_1_179' title='bbox 820 3591 919 3668; x_wconf 86' lang='lat' dir='ltr'><strong>ullus</strong></span> <span class='ocrx_word' id='word_1_180' title='bbox 932 3593 1021 3667; x_wconf 83' lang='lat' dir='ltr'><strong>indo</strong></span> <span class='ocrx_word' id='word_1_181' title='bbox 1031 3619 1134 3690; x_wconf 85' lang='lat' dir='ltr'><strong>egre·</strong></span> 
     </span>
    </p>
   </div>
   <div class='ocr_carea' id='block_1_3' title="bbox 993 3803 1124 3826">
    <p class='ocr_par' dir='ltr' id='par_1_6' title="bbox 993 3803 1124 3826">
     <span class='ocr_line' id='line_1_29' title="bbox 993 3803 1124 3826; baseline 0.008 -1"><span class='ocrx_word' id='word_1_182' title='bbox 993 3803 1124 3826; x_wconf 55' lang='lat' dir='ltr'><strong>...u-5..</strong></span> 
     </span>
    </p>
   </div>
   <div class='ocr_carea' id='block_1_4' title="bbox 169 3963 319 4042">
    <p class='ocr_par' dir='ltr' id='par_1_7' title="bbox 169 3963 319 4042">
     <span class='ocr_line' id='line_1_30' title="bbox 169 3963 319 4042; baseline 0.007 -18"><span class='ocrx_word' id='word_1_183' title='bbox 169 3963 213 4042; x_wconf 83' lang='lat'><strong>(1)</strong></span> <span class='ocrx_word' id='word_1_184' title='bbox 234 3966 272 4024; x_wconf 80' lang='lat' dir='ltr'><strong>u.</strong></span> <span class='ocrx_word' id='word_1_185' title='bbox 290 3967 319 4026; x_wconf 80' lang='lat' dir='ltr'><strong>a.</strong></span> 
     </span>
    </p>
   </div>
   <div class='ocr_carea' id='block_1_5' title="bbox 0 0 1414 4662">
    <p class='ocr_par' dir='ltr' id='par_1_8' title="bbox 0 0 1414 4662">
     <span class='ocr_line' id='line_1_31' title="bbox 0 0 1414 4662; baseline 0 3"><span class='ocrx_word' id='word_1_186' title='bbox 0 0 1414 4662; x_wconf 95' lang='lat' dir='ltr'><strong> </strong></span> 
     </span>
    </p>
   </div>
  </div>
 </body>
</html>
