2820 4662
324 485 395 574 466
488 501 538 556 ur
561 507 705 568 sturnus
730 509 774 554 ur
799 503 922 555 ctusrs
948 508 1156 558 noanonnu
1220 557 1223 559 ,

321 636 445 693 autem
461 620 781 693 incantamentum
796 645 892 709 esse,
907 637 1094 718 putarent.
1104 625 1191 712 Quo
1206 626 1324 724 magis

322 739 530 838 optandum
549 754 648 826 erat,
662 753 703 810 ut
717 729 930 810 'valverdus
944 739 1042 810 hanc
1058 793 1067 828 ,
1088 755 1153 810 aut
1172 742 1324 813 Colum-

317 856 391 929 bus
406 871 620 954 exponeret.
636 855 748 946 Quod
762 881 885 954 neque
902 855 964 926 ille
979 854 1086 944 fecit,
1101 871 1144 928 ut
1152 859 1324 930 animad-

318 976 431 1052 vertit
457 974 633 1045 Riolanus
657 971 1152 1071 (1),etColumbusmulto
1179 975 1324 1064 miuuS,

320 1107 363 1164 ut
383 1092 501 1189 quiin
519 1092 678 1162 maxime
692 1075 917 1188 opportunis
934 1089 981 1161 ad
995 1090 1035 1160 id
1051 1089 1143 1162 locis
1157 1090 1172 1187 (
1185 1117 1206 1162 a
1218 1091 1234 1187 )
1246 1117 1321 1164 nou

317 1197 440 1280 solum
468 1207 508 1277 id
532 1204 669 1277 factum
696 1205 913 1294 siluit,·sed
940 1209 1100 1276 omnino
1131 1209 1265 1279 nervis
1286 1210 1321 1278 in

317 1348 410 1396 cane
426 1324 537 1394 simul
553 1349 639 1395 cum
655 1325 699 1395 iis
713 1324 878 1412 arteriis,
894 1322 999 1420 quod
1016 1347 1109 1420 saepe
1125 1347 1202 1396 usu
1213 1327 1322 1412 venit,
1407 1357 1408 1360 ¹

315 1439 502 1538 deligatis,
514 1465 591 1512 non
609 1441 754 1512 arteriis
767 1441 874 1538 ipsis,
889 1441 992 1530 vocis
1006 1439 1143 1512 tribuit
1159 1442 1323 1513 amissio·
1408 1494 1410 1521 ,

314 1583 415 1630 nem.
431 1561 553 1648 Quem
564 1559 596 1629 si
611 1556 826 1656 perlegisset
837 1560 1087 1656 Hieronymus
1096 1557 1320 1656 Rubeus(3);

313 1701 394 1748 non
409 1675 548 1747 *dubito
571 1677 664 1772 quin
691 1676 899 1772 scripturus
920 1673 1067 1764 fuisset,
1090 1675 1163 1747 sibi
1183 1701 1317 1774 aquam

315 1791 456 1864 haerere
484 1793 523 1864 in
544 1791 719 1864 Valverdi
733 1793 969 1881 narratione,
995 1793 1042 1864 ad
1063 1817 1180 1889 quam
1203 1795 1337 1892 respi-

312 1912 435 1998 ciens,
450 1909 649 1982 verisimile
660 1934 755 1998 erse,
772 1911 937 2006 negivit,
950 1909 1205 1998 doctzirimam
1225 1937 1316 1982 aaa·
1334 1969 1338 1978 .

315 2034 489 2100 tomicum
506 2026 734 2098 Columbum
744 2029 960 2123 conjunctos
968 2052 1098 2100 nervos
1107 2027 1313 2125 impruden·

311 2159 370 2216 ter
380 2171 456 2216 aaa
471 2171 556 2216 cam
574 2151 721 2221 artenia
731 2144 997 2215 adstrmxtrse:
1015 2167 1239 2242 quanquam
1255 2171 1312 2218 ne·
1330 2207 1336 2224 ,

311 2286 388 2358 que
406 2263 612 2335 Aristotelis
634 2261 785 2332 iibrum
802 2260 849 2332 de
872 2285 1006 2332 somno
1034 2273 1071 2332 et
1090 2261 1237 2358 vigilia,
1262 2277 1310 2334 at.-

311 2391 414 2450 rente
425 2379 474 2450 ab
488 2377 619 2450 Rubeo
635 2377 690 2474 (Δ)
705 2377 843 2449 lectum
857 2376 1029 2475 putabis,
1045 2401 1164 2474 quem
1179 2377 1309 2478 fugisse

312 2495 489 2595 ridentur
500 2495 604 2566 'illius
618 2493 748 2582 verba,
763 2519 783 2564 a
798 2493 909 2565 nobis
920 2493 1046 2591 primo
1060 2493 1146 2566 loco
1158 2493 1216 2592 (5)
1229 2519 1308 2594 pro·

311 2613 456 2708 posita:
480 2613 570 2700 Qua
583 2615 762 2706 insignem
776 2635 822 2680 aa
837 2610 1138 2702 memorandam,
1157 2627 1201 2685 ut
1217 2627 1309 2684 certe

310 2741 388 2813 est,
412 2725 633 2827 philosophi
657 2731 918 2822 auctoritatem
949 2725 1115 2800 vocabat
1131 2729 1307 2825 quidam,

310 2868 401 2916 cum
414 2842 516 2916 torte
534 2843 639 2944 apud
658 2844 904 2942 Casalpinum
924 2845 1089 2942 legisset3
1103 2845 1241 2916 iisdem
1259 2861 1306 2917 ta·

311 2987 399 3033 men
426 2961 670 3047 abutebatur,
696 2962 949 3056 tantundem,
974 2961 1079 3059 quod
1107 2965 1305 3036 Steuonius

312 3077 517 3168 docuisset,
523 3080 671 3176 fibram
682 3077 962 3150 mascalare'ma
973 3084 1155 3175 sanguine
1165 3082 1307 3151 actuari

301 3221 380 3294 pro
400 3213 521 3281 mota,
547 3195 587 3269 id
610 3195 782 3269 didicisse
807 3197 857 3266 ab
883 3199 1136 3294 Hippocrate,
1165 3211 1204 3266 et
1229 3194 1305 3266 aliis

312 3315 513 3400 veteribus,
524 3335 666 3384 necnon
674 3315 724 3384 ab
736 3318 816 3412 ipro
832 3312 1041 3412 Casalpiao
1055 3320 1093 3382 ia
1101 3328 1233 3410 quast.
1246 3317 1304 3383 Pe·

415 3650 448 3704 C.
465 3666 484 3724 9
502 3647 551 3703 cit.
568 3647 606 3704 ad
618 3666 647 3730 n..
662 3665 709 3704 ar.

415 3750 448 3802 L.
466 3746 539 3802 ibid.
557 3745 607 3802 cit.
620 3748 683 3804 etl.
698 3765 726 3819 7.
