2766 4670
160 423 234 474 mat
260 422 285 470 r.
313 415 521 468 retrorsus
546 382 698 482 cnemis,
723 417 836 468 amar.
862 417 935 466 xrv.
991 391 1038 488 93

47 535 155 608 brana
176 532 349 608 foramen
369 547 442 621 est,
459 556 528 630 per
544 531 649 629 quod
668 556 734 603 ore
750 531 965 630 prolectum
983 532 1039 601 ni·

48 654 191 724 cotianae
209 650 338 725 herbae
355 648 500 724 fumum
515 649 740 738 extrudunt;
755 650 827 720 nisi
841 648 945 746 prius
958 673 1040 721 exa·

47 795 126 842 men
141 795 163 842 a
181 795 244 842 me
258 767 532 866 (1)institutum
549 767 752 865 perlegeris
765 767 1037 864 plerorumque

50 903 234 960 rumorum
243 885 502 985 quiidvidisse
510 882 741 956 dicebantur.
753 884 1039 983 Reperiesenim

51 1005 223 1103 primum,
238 1027 353 1102 quam
369 1001 479 1101 pauci
490 1000 564 1072 sint
576 1027 598 1072 a
610 1001 748 1099 quibus
762 1001 801 1072 id
817 1002 939 1073 visum
960 1023 1039 1073 esse

54 1137 202 1211 condem
228 1119 366 1192 deinde
385 1119 576 1192 neminem
594 1116 768 1208 fortasse,
789 1119 854 1216 qui
877 1117 914 1188 id
934 1117 1039 1215 quod

52 1239 148 1329 vidit,
169 1254 273 1337 quot
293 1237 403 1310 annis
420 1234 503 1308 fieri
519 1238 706 1336 potuerit,
729 1235 839 1309 nobis
859 1250 1037 1326 testetur,
1127 1233 1147 1278 ·'

54 1357 137 1428 salva
153 1354 335 1428 audiendi
351 1351 541 1444 facultate3
561 1353 725 1450 denique
743 1353 1038 1442 animadvertes,

54 1499 122 1545 eam
147 1499 226 1548 esse
251 1471 485 1572 posse.illius
508 1469 701 1544 foraminis
728 1486 972 1560 structuram,
997 1486 1040 1543 ut

55 1592 138 1664 exire
151 1617 215 1664 aer
229 1606 355 1691 queat,
365 1616 444 1662 non
454 1590 620 1689 ingredi3
631 1615 692 1662 eas
704 1606 829 1664 autem
840 1590 1039 1689 angustias,

56 1723 89 1781 ut
103 1735 231 1808 parum
251 1709 367 1798 aeris,
385 1708 480 1780 nihil
496 1733 587 1781 vero
604 1709 781 1806 pulveris,
800 1708 1039 1805 aliorumque

57 1826 223 1921 ejusmodi
233 1825 365 1900 subire
383 1849 453 1924 per
469 1849 507 1898 se
522 1826 638 1923 possit
655 1849 730 1922 qua
743 1851 822 1895 non
833 1826 915 1897 sine
931 1849 1039 1896 cona·

56 1956 91 2012 tu
111 1943 293 2042 impulsus
319 1940 446 2016 fumus
470 1942 661 2040 prodierit.
684 1947 768 2014 Haec
794 1943 929 2039 igitur,
952 1965 1038 2011 cum

56 2051 207 2134 incident
225 2085 334 2134 casus
348 2075 410 2132 aut
427 2059 685 2157 disruptorum
697 2058 963 2145 ossiculorum,
976 2071 1040 2130 aut

57 2199 171 2268 crcsoe,
203 2191 409 2277 pertusaeve
440 2174 667 2250 membranae
696 2177 885 2275 tympani,
913 2176 1038 2246 animo
1070 2177 1073 2182 ’

58 2295 264 2394 perpendes.
284 2298 393 2368 Nunc
407 2294 455 2367 ad
465 2295 629 2393 reliquas
642 2294 682 2364 in
696 2293 943 2394 Sepulchreto
956 2318 1040 2392 pro·

60 2407 172 2486 ductas
187 2413 470 2506 observationes
484 2411 690 2485 redeamus.

104 2554 149 2600 11.
181 2535 227 2602 In
251 2535 295 2602 V.
319 2528 548 2628 proponitur
579 2529 728 2602 auditus
753 2529 851 2601 laesio
884 2552 904 2599 a
927 2552 1039 2605 eausa
1133 2533 1138 2543 '

63 2647 233 2721 veteribus
247 2648 462 2744 incognita,
480 2647 686 2719 videliceta
702 2645 876 2719 sordibus
891 2648 1040 2719 aurium

63 2759 372 2860 lapidescentibus.
390 2763 554 2838 Galenus
576 2763 730 2862 quidem
749 2765 947 2861 scripserat
965 2763 1020 2861 (a)
1029 2819 1040 2852 ,

65 2903 82 2948 e
102 2907 246 2955 numero
273 2905 401 2973 eorum
427 2905 513 2981 quar.
531 2881 759 2954 auditorium
777 2896 941 2952 meatum
961 2885 1042 2978 obs·

65 3009 193 3087 traunt,
213 3014 251 3071 et
266 2998 395 3070 sordes
414 3024 491 3073 esse
502 3023 589 3097 quoe
606 3004 644 3069 in
662 3001 815 3070 auribus
837 2997 964 3095 colligi
980 3024 1041 3070 so-

66 3109 147 3202 lent;
172 3135 241 3190 nec
263 3117 454 3216 Apollonii
479 3115 688 3190 remedium
714 3114 769 3186 ad
792 3120 940 3185 aurium
963 3140 1044 3186 sor·

65 3227 135 3302 dem
152 3231 294 3332 (3),nec
311 3258 380 3307 sua
397 3233 452 3305 ad
466 3234 594 3305 sordes
609 3238 756 3304 aurium
768 3231 977 3302 educendas
990 3231 1043 3330 (4)

65 3347 263 3441 reticuerat,
286 3349 335 3424 ab
365 3349 591 3450 Apollonio,
618 3366 662 3422 ut
680 3349 849 3439 videtur,
874 3365 1045 3449 accepta,

128 3681 139 3758 )
157 3684 247 3761 Epist.
260 3688 347 3744 Anat.
362 3684 398 3758 5,
412 3705 442 3742 n.
458 3691 504 3753 14.

128 3773 139 3851 )
156 3779 200 3834 De
213 3781 328 3857 Sympt.
342 3781 429 3839 Caua.
447 3781 470 3836 1.
486 3798 516 3851 r,
534 3798 561 3836 c.
580 3778 608 3836 3.
792 3857 793 3862 ἵ

128 3873 140 3942 l
157 3871 201 3934 De
216 3880 354 3955 Compos.
368 3878 477 3938 Medic.
493 3897 550 3936 sec.
562 3880 619 3936 loc.
636 3879 657 3934 1.
673 3877 705 3951 ³,
716 3897 742 3936 e.
759 3897 785 3936 ι.
863 3928 865 3934 ,

102 3967 141 4050 (l)
158 3977 201 4036 De
211 3979 327 4041 ltemed.
335 3989 436 4058 parat.
449 3980 528 4039 facil.
542 3999 569 4038 c.
586 3997 630 4042 ro.
