2820 4662
131 441 183 488 nn.
204 439 239 488 11.
266 439 322 486 nnv
339 433 477 483 nonius
499 431 699 496 monacis,
724 433 836 482 arisr.
863 436 936 486 xix.
964 414 1035 500 463

79 553 152 624 niam
166 551 204 624 ab
216 549 479 647 antiquissimis
499 570 621 643 usque
634 545 870 644 temporibus
885 548 965 620 aliis
977 551 1039 620 ali-

78 682 119 740 ter
130 694 163 740 ea
177 665 737 772 respopderuntexperimenta3
754 664 864 735 altius
884 690 904 736 a
929 666 1038 741 nobis

75 785 258 883 capiendum
277 785 427 856 initium
440 797 514 870 est,
531 796 568 852 et
578 782 738 878 proveri
754 781 880 852 studio
892 799 1037 874 vetera,

72 916 100 975 et
109 903 253 975 recentia¹
265 901 476 974 accuratius
488 895 759 997 perpendenda
774 915 882 987 sunt,
894 916 930 972 et
939 903 1045 980 inter¹

70 1041 98 1090 se
111 1018 351 1118 comparanda.

104 1163 152 1210 21.
172 1138 305 1208 Primus
317 1135 490 1222 omnium
509 1132 575 1229 qni
592 1132 710 1230 ligatae
730 1133 771 1204 in
789 1135 882 1206 rivis
899 1138 1037 1210 utrius·

66 1277 122 1349 que
137 1255 268 1328 arteria
288 1251 466 1325 carotidis
485 1252 786 1349 experimentum
808 1277 1037 1328 memorave-

61 1371 113 1459 rit,
125 1371 263 1444 videtur
275 1371 450 1470 plurimis
466 1366 578 1442 fuisse
596 1369 832 1460 Aristoteles,
848 1373 1036 1448 Columbo

60 1487 211 1564 videlicet
225 1488 280 1587 (r)
292 1543 302 1578 ,
314 1488 414 1560 Salio
433 1485 721 1584 (2),Sanctorio
734 1485 812 1584 (3),
835 1490 925 1561 aliis.
943 1492 1038 1564 Mihi

59 1628 153 1694 vero,
168 1607 196 1680 si
213 1604 265 1679 fas
281 1619 337 1677 est
353 1603 522 1675 modeste
541 1602 589 1674 ab
604 1602 723 1676 doctis
735 1604 824 1674 viris
831 1604 1038 1698 dissentire3

59 1747 118 1798 non
135 1723 222 1796 illud
238 1722 388 1794 videtur
397 1721 633 1808 Aristoteles,
647 1720 713 1792 sed
730 1720 844 1818 longe
861 1723 983 1812 aliud,
998 1725 1039 1798 id

59 1857 99 1914 ast
118 1842 321 1916 constrictae
340 1840 540 1935 utriusque
562 1839 718 1910 internae
736 1862 841 1909 venae
855 1840 1039 1937 juguleris

59 1961 338 2056 txperimentum
355 1979 597 2029 memorasse.
608 1954 684 2028 Nec
698 1957 777 2052 jam
788 1981 849 2030 me
868 1959 1039 2032 movetis

59 2098 139 2150 neus
152 2077 222 2172 (A),
239 2099 356 2172 quem
375 2098 497 2146 unum
511 2071 558 2144 ab
577 2073 651 2144 illis
670 2073 798 2160 video,
816 2089 890 2145 eta
912 2075 1040 2148 Caesal·

61 2191 125 2290 ino
152 2191 226 2291 (5)
254 2191 432 2278 indicari,
457 2215 537 2289 quo
559 2191 725 2289 pressius
747 2215 828 2262 rem
854 2193 1040 2289 attingens

60 2309 261 2396 ristoteles‚
269 2309 401 2405 quibus
414 2313 453 2378 in
465 2307 562 2380 collo
574 2332 685 2380 uenoe
691 2309 1033 2407 apprehenduntur,

60 2475 66 2506 ‚
81 2424 226 2522 inquit,
236 2425 463 2498 insensibiles
462 2427 589 2523 fiunt:
604 2451 727 2523 neque
743 2427 844 2498 enim
858 2451 917 2498 me
929 2425 1034 2526 fugit,

60 2541 156 2637 apins
168 2543 314 2640 priseos
332 2567 515 2615 venarum
537 2544 692 2617 nomine
710 2545 864 2618 arterias
878 2571 1032 2644 quoque

61 2658 248 2756 signasse.
269 2660 341 2733 Sed
361 2661 434 2733 alio
449 2661 515 2735 illo
537 2685 763 2759 permoveor
779 2663 867 2734 loco
881 2664 952 2761 (6),
967 2664 1034 2738 ubi

61 2777 298 2875 astquamah
317 2793 423 2852 aorta
443 2800 578 2850 venam
598 2780 802 2875 majorem,
817 2805 1033 2874 seucavam,

62 2896 211 2982 stianit,
230 2909 269 2966 et
283 2897 487 2994 superioris
500 2920 597 2968 cavae
610 2895 904 2994 descriptionem
915 2923 1035 2973 susce·

62 3024 86 3100 t,
112 3028 153 3084 et
176 3011 229 3084 ad
248 3011 445 3110 jugulares
469 3012 664 3110 pervenit,
686 3013 769 3103 11ae,
791 3014 1033 3112 inquiaqua

63 3211 1036 3244 *mm*-

64 3399 75 3434 ι
116 3382 170 3436 Do
183 3397 222 3438 re
234 3383 318 3436 anat.
330 3379 353 3436 l.
368 3383 416 3446 πή.

64 3479 86 3557 ι)
109 3483 163 3537 De
175 3479 283 3536 Affec.
296 3479 404 3537 Partic.
420 3497 446 3536 c.
460 3495 488 3535 n.

65 3579 83 3656 t)
109 3581 299 3636 Commeat.
321 3578 355 3634 in
374 3590 430 3635 art.
451 3578 530 3636 med.
546 3579 612 3636 Gal.
625 3595 686 3658 qu
708 3578 761 3652 33,
780 3589 810 3638 et
827 3580 904 3655 inl,
924 3583 983 3642 sen.
999 3589 1029 3658 1,

65 3698 81 3732 e.
98 3699 162 3754 qu.
183 3679 260 3735 108.
690 3663 692 3669 i

68 3778 80 3853 )
106 3780 162 3834 De
177 3796 295 3835 somno
310 3786 340 3833 et
350 3773 433 3853 vigil.
449 3796 475 3834 c.
489 3794 517 3833 a.

67 3877 78 3951 )
105 3879 149 3933 L.
170 3895 212 3948 2«,
229 3877 310 3934 med.
327 3887 429 3952 quaest.
446 3875 493 3933 15.

66 3976 76 4050 >
102 3977 200 4032 Hist.
224 3976 348 4033 animal.
363 3977 383 4032 l.
399 3976 432 4048 3,
451 3994 476 4031 c.
491 3975 518 4032 3.
