2842 4672
276 453 322 524 26
448 476 493 524 nn
520 469 666 526 srnmns
691 467 735 524 nr
762 469 885 526 crusrs
911 477 1120 528 nonnosum

273 587 478 679 tunsorma,
495 613 516 662 a
534 590 750 687 crystallino
763 589 867 662 hand
879 591 1041 664 multum
1056 592 1299 690 ffiserepanS,

226 692 229 695 “
275 708 344 780 sed
356 710 469 807 paulo
483 710 627 805 majus,
644 723 681 780 et
691 711 880 782 anteriore
897 707 989 782 facie
1000 733 1166 782 convexa
1177 765 1188 792 ‚
1200 731 1300 808 pos—

276 829 415 902 teriore
429 849 537 916 cana,
557 845 599 900 nt
614 831 786 928 exiguam
806 831 1008 929 quamdam
1024 833 1131 929 quasi
1149 831 1299 903 scutei-

275 947 349 1018 lam
370 962 664 1044 repraesentaret.
681 954 842 1020 Factum
859 965 938 1022 erat
955 972 1090 1048 magna
1115 970 1160 1022 ex
1177 963 1298 1047 parte

277 1088 321 1138 ex
338 1068 476 1137 lamina
497 1093 575 1140 non
598 1070 722 1159 tenni,
740 1095 863 1153 ossea,
890 1071 956 1144 sed
978 1094 1058 1143 non
1080 1085 1300 1170 perpetua,
1386 1083 1391 1096 ¹

277 1209 392 1280 quam
403 1184 527 1258 adhuc
539 1211 700 1260 asservo.
712 1187 1305 1288 Ejuscorporisfacieianterior‘r

277 1302 523 1399 reliquiarum
552 1328 654 1376 nveae
689 1331 776 1405 pars
808 1310 1014 1381 arctissime
1047 1305 1299 1378 adhaerebat:

277 1439 365 1490 nam
381 1444 468 1520 pars
482 1423 571 1512 alia,
586 1439 630 1496 ut
646 1439 755 1496 antea
768 1426 863 1514 dixi,
880 1449 1026 1499 annexa
1040 1441 1119 1498 erat
1129 1446 1303 1496 corneae.

279 1542 414 1610 Caram
442 1555 566 1612 antem
593 1543 692 1614 iliius
717 1548 888 1641 corporis
908 1541 1042 1615 faciem
1066 1541 1197 1615 eadem
1226 1541 1304 1612 ilia'

279 1656 362 1728 niba
380 1660 637 1733 convestiebat
648 1658 890 1747 membrana,
912 1685 994 1758 quae
1012 1660 1155 1746 retina,
1171 1683 1221 1729 an
1235 1659 1299 1728 vii-

278 1790 379 1864 trea,
398 1798 453 1848 arr
464 1791 625 1874 utraque
636 1788 751 1867 esset,
767 1777 839 1850 tibi
852 1779 966 1878 paulo
981 1792 1067 1848 ante
1079 1776 1303 1848 existiman-

279 1893 371 1964 dum
388 1895 534 1992 reliqui.
558 1893 610 1966 Ab
626 1896 813 1993 ejusmodi
824 1897 935 1970 oculo
949 1917 1108 1968 nervum
1120 1893 1299 1991 opticum

280 2010 327 2084 ad
339 2013 488 2084 initium
506 2031 628 2112 usque
646 2041 757 2087 snum
771 2031 1014 2114 persecutio,
1031 2013 1109 2084 haec
1126 2010 1301 2082 animad-

279 2132 386 2201 verti.
418 2133 604 2205 Gracilior
629 2133 806 2222 dextero,
829 2143 866 2206 ed
886 2157 972 2204 cum
996 2129 1226 2217 inciderem,
1249 2145 1299 2200 ex

280 2247 487 2320 substantia
504 2254 622 2350 magis
642 2266 861 2349 compacta,
877 2262 914 2321 et
929 2245 1105 2321 subfusca
1124 2244 1193 2319 fuit
1207 2262 1298 2319 tum

280 2367 324 2435 in
337 2366 481 2457 orbita,
499 2385 581 2440 tum
596 2371 695 2438 intra
713 2369 901 2455 cranium;
914 2389 1001 2436 cum
1013 2365 1144 2436 dexter
1152 2374 1297 2437 nervos

283 2485 548 2575 crassitudine,
566 2485 760 2571 albedine,
782 2483 997 2556 substantias
1020 2481 1136 2554 modo
1159 2506 1297 2558 secun-

283 2601 374 2672 dum
396 2614 568 2676 naturam
587 2605 746 2674 omnino
768 2625 805 2674 se
825 2601 992 2672 haberes.
1015 2605 1157 2672 Verum
1175 2601 1216 2671 id
1225 2599 1298 2673 dis·

284 2722 428 2792 crimen
447 2721 629 2818 usquead
647 2721 958 2816 conjunctionem
974 2718 1143 2791 durabat.
1164 2723 1209 2789 In
1220 2717 1296 2790 hac

285 2851 429 2927 mrtem,
445 2849 482 2910 et
504 2862 617 2936 supra
641 2839 781 2935 ipsam,
804 2859 1044 2935 quacumque
1069 2837 1215 2918 ratione
1236 2837 1296 2906 in-

287 2958 476 3053 quireres,
505 2955 601 3027 nihil
629 2957 702 3028 nisi
732 2981 865 3028 sanum
890 2968 1051 3052 utraque
1080 2956 1222 3052 pariter
1251 2976 1297 3027 ex

286 3089 391 3172 parte
407 3074 574 3171 conspici
591 3086 748 3172 poterat.

339 3215 392 3263 ιο.
416 3192 516 3282 Quid
537 3193 640 3264 aliud
658 3192 727 3263 'hio
755 3192 900 3279 dicam,
926 3192 1000 3262 nisi
1025 3191 1149 3260 minus
1169 3186 1296 3260 felices

286 3309 380 3379 mihi
394 3331 509 3406 quam
519 3313 679 3399 ceteris,
692 3311 889 3383 obvenisse
902 3310 1123 3381 occasiones·
1134 3306 1296 3378 iterandi

287 3425 570 3502 observationes
592 3430 757 3502 Vesalii?
784 3431 874 3517 Ter,
902 3429 932 3500 si
964 3451 1096 3499 canem
1124 3425 1296 3521 adjicias,
1393 3412 1396 3422 ¹

288 3545 462 3642 quaesivi3
490 3570 689 3646 nunqnam
717 3549 757 3618 in
782 3547 1053 3644 conjunctione
1079 3545 1295 3642 optinorum

286 3683 511 3754 nervorum,
535 3663 678 3737 nedum
705 3666 804 3737 ultra
827 3665 952 3752 hanc,
980 3662 1101 3734 ullum
1125 3662 1295 3733 invenire

287 3779 490 3853 discrimen
512 3784 637 3876 licuit;
667 3783 772 3883 quod
796 3799 839 3856 ut
858 3780 957 3853 infra
977 3782 1095 3880 ipsam
1117 3779 1296 3880 praeclare

285 3900 466 3990 vidimus,
483 3927 552 3974 cur
571 3918 608 3974 et
625 3929 758 4002 supra,
773 3905 804 3976 si
822 3900 974 3989 fuisset,
993 3923 1197 3998 agnoscere
1215 3922 1295 3968 non

288 4020 665 4116 potuissemusPTres
676 4037 775 4095 certe
789 4019 990 4108 oculos,in
1002 4033 1295 4118 quorumnervo
1390 4091 1392 4098 ,
