2820 4662
167 454 237 504 nm.
264 453 304 504 n.
333 451 541 502 nruoums
567 428 1021 518 anonacrs,rr1sr.'xv1n.
1048 431 1118 534 437

120 568 383 642 nosocomium
394 567 573 656 venisset,
585 555 714 668 neque
721 566 853 666 pulsus
862 592 1030 668 unquam
1042 595 1121 668 per·

119 688 192 786 cipi
211 688 252 756 in
269 686 349 782 ejus
366 685 488 784 carpis
502 685 728 783 potuissent,
748 683 882 757 eodem
896 685 1058 760 redierat
1070 687 1119 762 ob

118 804 290 876 eamdem
300 801 402 874 illam
413 799 692 892 difficultatem,
706 826 794 873 cum
804 802 904 874 intra
918 803 998 876 dies
1013 806 1120 902 quin·

117 919 241 994 decim
261 934 503 1008 mortuaest,
524 941 645 991 crassa
669 933 706 991 et
724 918 947 1017 purulenta,
973 937 1016 994 ut
1030 920 1122 995 refe-

116 1037 273 1126 rebant,
291 1053 398 1136 sputa
417 1036 580 1110 reddens
597 1051 764 1109 extremo
777 1052 958 1137 tempore.

165 1153 333 1227 Cadaver
344 1210 354 1244 ‚
365 1155 526 1254 publicae
539 1169 730 1227 anatomes
749 1179 858 1227 causa
874 1156 913 1225 in
930 1153 1121 1229 theatrum

101 1271 282 1362 illatum,
294 1273 448 1372 inspexi.
466 1267 681 1371 Nusquam,
698 1297 746 1344 ne
760 1270 808 1342 ad
824 1270 939 1372 pedes
948 1269 1121 1371 quidem,

113 1388 321 1480 tumidum,
340 1413 466 1488 neque
483 1389 643 1462 omnino
656 1385 951 1488 improbandum
967 1388 1122 1462 videba-

116 1521 191 1592 tun
214 1507 287 1580 Sed
304 1506 484 1608 postridie
503 1519 661 1578 amorte
681 1527 768 1576 cum
787 1503 1041 1602 integumenta
1058 1506 1122 1579 ah·

115 1623 282 1698 dominis
294 1623 439 1698 sublata
452 1621 766 1710 essent,mnsculi
774 1621 894 1691 virere
912 1637 1120 1720 coeperunt,

114 1744 230 1816 tertio
249 1756 373 1814 autem
390 1740 451 1814 die
467 1727 589 1810 ‘multo
604 1741 741 1837 magis,
754 1761 824 1808 nec
835 1737 913 1810 sine
927 1741 1122 1812 teterrimo

115 1858 255 1948 odore;
281 1881 498 1957 quanquam
517 1857 658 1929 ventris
679 1856 823 1962 viscera
844 1879 933 1924 mox
959 1867 1122 1946 retecta,

101 2002 242 2076 neque
259 1976 393 2066 livida,
410 1998 535 2072 neque
548 1971 720 2044 morbida
730 1985 931 2071 conspecta
947 1975 1121 2046 suntVe·

110 2118 205 2168 rum
215 2091 328 2191 paulo
338 2105 424 2189 post
439 2115 552 2188 quam
562 2076 813 2179 ventriculus,
825 2104 1039 2178 omentum,
1050 2114 1124 2162 me·

114 2209 342 2297 scutarium,
362 2223 399 2280 ct
418 2207 488 2280 alia
507 2207 676 2306 quaedam
694 2207 835 2278 viscera
854 2221 1025 2303 exempta
1042 2203 1124 2278 iue-

113 2341 220 2414 rant,
235 2325 314 2398 haec
331 2325 457 2396 omnia
473 2325 606 2414 livere,
628 2338 665 2397 et
693 2320 820 2396 foetere
848 2338 1062 2422 coeperunt,
1079 2337 1123 2396 ut

113 2441 300 2542 postridie
325 2467 505 2540 pancreas
529 2440 640 2513 uiridi
658 2441 828 2514 obsoleto
853 2440 981 2513 colore
1003 2439 1121 2514 infeo-

116 2573 232 2648 ftum,
245 2557 340 2630 nihil
357 2560 606 2655 minusquam
624 2583 804 2658 pancreas
822 2582 902 2630 esse
918 2557 1120 2632 videretur.

112 2680 264 2749 Interea
288 2660 521 2750 autemnon
543 2675 732 2748 theatrum
757 2675 891 2762 modo,
912 2675 977 2748 sed
1000 2691 1122 2750 totum

115 2793 399 2892 propemodum
427 2795 660 2891 gymnasium
688 2793 892 2867 vehemens
924 2809 961 2864 et
987 2795 1122 2867 intole-

114 2910 259 2999 randus
270 2909 380 2983 foetor
395 2910 631 3007 impleverat,
652 2933 739 2981 cum
752 2923 877 2981 tamen
890 2907 1011 3006 gelida
1026 2925 1122 2983 esset

103 3053 161 3104 ac
188 3029 317 3100 nivosa
336 3039 536 3124 tempestas
562 3050 713 3123 percos
740 3025 837 3113 dies,
867 3027 934 3122 qui
951 3028 1120 3124 proxime

115 3159 398 3218 antecesserunt
408 3144 605 3215 maximam
620 3143 722 3213 illam
733 3144 809 3213 vim
822 3139 970 3241 frigoris
984 3168 1066 3240 quae
1082 3167 1123 3216 se

117 3267 172 3335 IV
188 3262 272 3334 idus
281 3260 468 3332 ‘februarii
480 3261 570 3330 anni
587 3264 697 3356 1740,
710 3283 861 3332 exerere
877 3259 1029 3357 incepit.
1044 3262 1121 3334 Etsi

117 3380 234 3477 igitur
260 3401 423 3477 propere
447 3373 713 3465 auferendum,
730 3374 1041 3475 humandumque
1060 3403 1122 3452 ca·

72 3571 74 3576 ,
119 3495 235 3576 darer
253 3493 339 3584 fuit5
359 3508 484 3564 tamen
506 3506 614 3564 antea
636 3493 892 3592 integumenta
910 3493 957 3565 ad
975 3509 1122 3568 utrum·

89 3693 100 3715 θ
120 3637 196 3711 que
220 3635 375 3710 carpum
399 3608 515 3680 incidi
531 3609 651 3700 volui,
671 3611 702 3682 si
715 3607 810 3683 forte
834 3612 968 3684 arteria
981 3638 1027 3686 eo
1043 3639 1122 3712 quo

122 3729 245 3802 solent
265 3727 400 3800 medici
419 3726 504 3798 loco
519 3751 705 3824 quaerere,
724 3741 788 3799 aut
804 3728 908 3801 nulla
924 3745 1040 3817 esset,
1057 3745 1123 3803 aut

123 3847 271 3945 exigua,
299 3859 361 3918 aut
388 3843 513 3943 aliqua
532 3844 675 3917 ratione
701 3845 900 3944 impedita3
927 3845 1123 3922 thoracem

123 3978 248 4039 autem
266 3962 314 4038 ad
329 3961 596 4062 inquirendam
611 3960 735 4054 morbi
753 3961 880 4038 sedern
893 3951 1062 4037 resera-ri.
1079 3969 1127 4040 Et
