2812 4660
204 459 273 506 nm.
301 457 342 506 u.
370 452 578 504 nestorius
604 451 796 519 ruonscrs,
821 455 933 504 misr.
959 458 1047 506 xvn.
1075 438 1146 512 323

154 563 157 570 ⁴
190 601 236 672 9:
253 579 391 644 Parsne
409 586 504 642 esset
523 569 584 640 hic
608 585 737 640 tumor
759 572 860 644 renis
883 577 1147 664 tantummodo

141 691 439 779 succenturiati,
456 689 582 759 minus
606 687 668 759 hic
697 703 837 785 prestat
863 715 1050 788 quaerere,
1081 693 1150 764 ubi

143 835 226 907 quae
247 808 503 906 praecesserint
522 807 758 904 ignoramus,
783 805 830 876 ad
848 833 934 878 eum
950 833 1080 881 renem
1095 825 1149 882 at-

141 927 323 1013 tinentia,
338 949 452 1022 quam
468 923 673 1018 conjicere,
698 947 779 1019 qnae
796 921 908 995 luerit
930 951 1037 998 mens
1061 928 1150 998 Val-

143 1045 252 1116 salvae
277 1045 317 1112 in
335 1040 531 1114 nonnullis
555 1039 667 1135 hujus
691 1038 853 1111 historiae
869 1041 971 1115 locis.
993 1048 1087 1120 Nam
1107 1059 1150 1117 ut

142 1163 183 1233 in
204 1187 247 1233 ea
268 1159 530 1244 describenda,
562 1157 714 1247 sedulo,
734 1174 776 1231 ut
799 1160 929 1232 solitus
946 1185 1050 1250 sum,
1070 1166 1152 1236 cavi

142 1279 302 1378 nequid
323 1279 403 1378 ejus
422 1279 611 1350 sententiae
629 1276 830 1364 adderem,
857 1296 920 1353 ant
940 1279 1151 1368 demerem

142 1399 195 1469 ita
220 1412 420 1494 postquam
437 1394 475 1464 id
492 1393 653 1476 fideliter
668 1397 839 1492 praestiti,
862 1423 962 1469 nunc
986 1399 1079 1470 milri
1105 1399 1152 1470 li-

141 1515 281 1587 berum
312 1539 391 1586 esse
419 1528 529 1611 pum,
550 1537 630 1583 rem
650 1512 701 1582 ita
719 1513 947 1610 intelligere,
978 1533 1020 1588 ut
1048 1517 1153 1618 qnod
1195 1515 1197 1522 '

143 1647 337 1703 mortuum
361 1632 411 1702 ait
430 1629 490 1700 die
506 1644 633 1718 sext0,
660 1630 840 1724 accipiam
867 1655 912 1700 ex
932 1633 1153 1727 qu00homo

145 1765 211 1822 aut
229 1763 351 1821 erecta
375 1749 518 1821 cervice
537 1747 677 1844 spirare
696 1747 829 1842 coepit,
847 1762 912 1818 aut
935 1749 974 1818 in
995 1774 1156 1822 nosoeo⁸

39 1901 41 1908 ’
146 1867 267 1939 mium
289 1864 443 1963 aliquod
460 1879 638 1962 exceptus
650 1879 726 1934 est:
746 1862 988 1960 quodantem
1006 1867 1156 1955 ait,·vix
1251 1959 1262 1968 .

146 1984 195 2058 de
212 1985 374 2083 pectoris
390 1983 634 2082 oppressione
651 1983 760 2079 queri
775 1982 964 2079 potuisse,
980 1985 1033 2056 sic
1046 1985 1156 2057 intel-

147 2104 373 2202 ligam,uon
392 2101 497 2200 quod
517 2099 594 2170 haec
608 2085 724 2170 ferme
742 2097 924 2186 abfuerit,
938 2101 1016 2172 imo
1032 2103 1159 2198 potius
1198 2115 1205 2134 '

148 2215 1157 2320 quodtautaluerit,ut0brespirandidiflicultatemvix

103 2427 105 2430 Ι
149 2340 187 2410 ei
204 2340 334 2410 liceret
353 2338 475 2435 loqui,
493 2352 535 2407 ut
555 2337 601 2407 de
618 2338 697 2434 ipsa
716 2351 947 2434 quereretur.

149 2493 151 2500 ·
198 2460 380 2529 Caeterum
396 2455 442 2526 de
459 2456 573 2554 pulsu
589 2456 694 2553 quod
708 2452 910 2526 vehemens
921 2441 986 2544 ,ut
1002 2458 1041 2528 in
1058 2457 1158 2556 prio·

148 2599 191 2646 re
202 2627 212 2662 ,
223 2573 467 2670 vibratusque
484 2599 563 2644 uon
579 2570 711 2660 fuerit,
730 2587 794 2643 aut
810 2571 856 2645 de
868 2572 1040 2672 hydrope
1053 2575 1159 2673 quod

149 2717 230 2762 non
249 2692 295 2762 sit
312 2692 450 2789 pariter
468 2706 710 2776 consecutus3
728 2689 809 2761 noli
837 2715 1067 2790 magnopere
1087 2695 1159 2764 mi-

149 2811 236 2880 rari.
261 2813 430 2906 Namque
454 2824 517 2881 aut
536 2808 748 2906 dispositio,
774 2824 839 2880 aut
860 2825 1009 2906 tempus
1031 2809 1160 2884 deesse

149 2929 298 3026 potuit,
328 2943 369 2998 ut
397 2927 457 2997 hic
485 2925 624 3027 fieret:
660 2950 726 2996 cor
750 2951 841 2996 vero
872 2941 935 2998 aut
961 2927 1010 2998 ob
1042 2929 1160 3023 magis

144 3037 367 3116 'enervatam
385 3045 591 3116 auriculam
610 3043 821 3129 dexteram,
838 3045 980 3140 quippe
1002 3045 1040 3112 in
1061 3067 1161 3114 mar·

153 3163 255 3259 supii
267 3163 440 3260 ingentis
454 3162 611 3231 modum
629 3184 850 3258 expansam,
868 3160 991 3230 minus
1011 3164 1162 3258 sangui·

152 3281 213 3350 nis
232 3279 457 3378 accipiebat,
480 3294 544 3350 aut
569 3277 725 3349 adaucta
751 3275 919 3372 ejusdem
941 3277 1064 3349 cordis
1082 3303 1162 3352 ma-

155 3398 316 3494 gnitudo
355 3398 471 3497 magis
503 3393 737 3491 amplificatis
775 3394 1010 3484 ventriculiS,
1048 3421 1164 3496 quam

155 3515 269 3588 simul
292 3514 534 3587 crassioribus
564 3513 667 3584 lactis
697 3510 902 3610 parietibus
934 3513 1162 3608 debebatur,

154 3632 316 3730 nequid
336 3633 457 3704 dicam
475 3632 521 3702 de
537 3629 783 3728 amplioribus
807 3627 886 3715 bic,
913 3647 950 3704 et
976 3648 1075 3704 certe
1093 3635 1164 3702 mi-

155 3773 229 3822 nus
244 3753 408 3823 mucosis
422 3749 728 3822 concretionibus
745 3773 827 3845 quae
848 3773 915 3819 cor
934 3774 1012 3822 non
1033 3749 1165 3842 mode,

158 3866 224 3938 sed
242 3883 278 3939 et
299 3893 383 3939 vasa
408 3866 633 3940 obsidebant
647 3895 662 3940 ε,
676 3881 713 3938 et
733 3890 952 3964 quanquam
981 3891 1060 3937 non
1079 3883 1166 3942 ante

158 4009 226 4058 eos
248 4002 461 4085 postremos
488 3987 568 4061 dies
592 3984 674 4059 fieri
698 3989 918 4086 coepissent3
945 3985 1078 4082 pulsus
1110 4001 1166 4062 ta·
1225 4044 1227 4048 -

933 4105 997 4174 at*
