2750 4658
164 470 238 517 ma.
266 467 308 516 u.
336 469 383 516 nn
409 441 544 516 nonme
571 467 765 533 unomen,
789 469 901 520 nmsr.
927 473 1000 519 xvi.
1031 474 1101 546 219

64 567 165 654 ruit
181 607 365 655 vasorum
384 583 703 682 lymphatieorum
724 584 933 682 vestigium.
954 590 996 660 Iu
1010 586 1099 662 ,tho-

65 702 186 773 racis
208 699 393 776 ambabus
415 703 537 774 caveis
555 702 756 801 pulmones
777 704 877 791 sani,
904 702 968 775 sed
994 705 1031 778 in
1053 706 1098 778 si·

66 819 212 892 nistra
238 817 365 908 liberi,
384 821 424 890 in
446 819 598 893 dextera
617 820 755 919 pleuroe
774 821 954 894 tenaciter
974 821 1099 896 adha-

67 952 221 1008 rentes
234 964 242 1006 :
255 961 386 1014 rursus
399 937 438 1008 iu
451 938 514 1009 illa
526 963 691 1037 paucum
704 963 851 1024 serum3
866 939 905 1010 in
921 938 991 1012 hac
1007 965 1097 1014 vero

69 1055 284 1154 quidquid
300 1056 375 1127 loci
391 1056 490 1128 inter
508 1056 698 1154 pleuram,
715 1072 752 1130 et
768 1057 969 1155 pulmunes
985 1059 1097 1130 relin-

70 1172 304 1269 quebatur,
331 1173 429 1244 flavo
456 1189 536 1246 erat
559 1200 641 1246 sero
664 1175 871 1272 oppletum.
901 1172 943 1246 ln
974 1175 1098 1248 cordis

69 1291 314 1363 ventriculis
343 1293 494 1391 sanguis
516 1291 670 1382 fluidus,
699 1295 778 1365 sine
803 1292 882 1372 ullo
906 1294 1097 1392 polyposae

71 1409 348 1482 concretionis
366 1409 518 1481 indicio.

126 1532 183 1598 In
204 1528 325 1625 capite
341 1527 504 1626 denique
518 1547 651 1601 sanum
670 1507 887 1617 cerebrum,
904 1527 976 1600 nisi
992 1527 1095 1625 quod

71 1644 264 1716 laterales
274 1646 474 1717 ventriculi
493 1671 617 1720 serum
633 1645 895 1736 continebant,
913 1645 1028 1743 idque
1045 1645 1095 1718 le·

75 1763 116 1832 vi
137 1764 339 1860 sanguinis
354 1765 519 1836 tinctura
536 1761 728 1834 infectum.
748 1769 828 1834 Hoc
846 1763 925 1859 igni
943 1763 1095 1859 imposi-

76 1894 191 1967 tum,
209 1903 329 1956 crassa
346 1881 501 1952 materia
515 1881 560 1951 ad
574 1881 670 1953 vasis
684 1879 845 1956 fundum
859 1879 1033 1967 demissa,
1044 1879 1097 1976 ip-

77 2021 173 2070 sum
196 2013 319 2070 totum
337 2001 376 2070 in
396 2024 505 2071 auras
524 1998 625 2071 abiit.
643 1999 755 2090 Quod
776 2013 900 2070 autem
916 2021 1039 2070 serum
1056 1997 1097 2068 in

76 2130 223 2187 ventre
251 2131 289 2188 et
313 2120 353 2188 in
379 2142 473 2188 cavo
495 2119 585 2189 item
614 2117 779 2189 thoracis
803 2114 958 2189 dextero
984 2113 1096 2186 fuisse
1140 2177 1142 2180 .

80 2231 277 2322 diximus,
293 2233 488 2306 turbidum
512 2237 678 2334 primum
693 2235 745 2307 *ab
762 2236 850 2333 igne
865 2249 920 2306 est
936 2229 1095 2318 lactum,

81 2348 232 2422 deinde
255 2353 393 2425 sensim
412 2353 486 2424 hoc
505 2354 659 2452 quidem
678 2368 819 2452 totum,
835 2350 928 2423 illud
953 2366 1095 2438 autem,

80 2467 167 2542 fere
183 2484 328 2560 totum,
354 2472 484 2543 relicta
506 2474 547 2544 in
568 2470 688 2544 fundo
707 2470 884 2543 nonnihil
908 2469 1095 2568 glutinosa

79 2588 287 2685 pellicula,
307 2590 476 2661 avolavit.

138 2730 199 2777 11.
229 2709 379 2780 Omisso
403 2707 507 2806 quod
532 2706 579 2780 ad
608 2733 828 2807 soporosam
856 2705 1094 2778 affectionem

83 2823 244 2912 attinet,
268 2824 359 2896 alibi
384 2849 405 2896 a
428 2825 538 2902 nobis
556 2841 770 2914 tractatam,
793 2824 982 2924 cujushic
1007 2847 1096 2906 cau,-

85 2965 170 3012 sam
192 2965 318 3012 serum
329 2947 363 3040 ,(
370 2969 440 3016 uec
456 2945 596 3017 mirum
612 2946 652 3015 in
661 2945 726 3017 tali
734 2942 917 3042 corpore)
935 2943 975 3012 in
993 2965 1094 3012 cere·

81 3058 161 3130 bro
176 3083 332 3158 quoque
353 3062 552 3134 novissime
571 3059 733 3135 offirsum
748 3059 878 3146 fuisse,
899 3058 1003 3130 vides
1019 3087 1027 3128 ε
1041 3074 1095 3128 at-

83 3201 167 3276 que
187 3176 283 3249 adeo
300 3179 447 3252 omissis
459 3206 541 3277 quae
558 3181 605 3252 ad
619 3195 750 3252 caetera
770 3179 961 3276 pertinent
974 3177 1095 3274 signa,
1186 3159 1187 3166 ἵ

82 3312 161 3368 ate
183 3293 290 3370 facile
311 3321 398 3368 cum
422 3299 682 3396 superioribus
701 3293 949 3385 conferenda,
978 3310 1015 3366 et
1035 3319 1096 3366 ea-

85 3413 179 3486 dem
192 3414 438 3505 invenienda,
457 3415 535 3490 duo
553 3441 636 3513 quae
654 3429 823 3514 spectent
839 3413 886 3485 ad
901 3411 1095 3486 difficilem

84 3533 379 3630 respirationem
405 3559 484 3608 non
516 3535 741 3610 omittemus.
770 3534 960 3622 Alterum,
991 3533 1095 3630 quod

86 3650 230 3722 mulier
248 3653 286 3721 in
315 3654 505 3724 sinistrum
530 3651 627 3724 latus
654 3651 792 3724 cubare
820 3677 899 3724 non
926 3665 1094 3749 poterat,

86 3769 236 3867 quippe
252 3795 348 3866 quo,
367 3769 520 3847 dextero
534 3771 687 3874 penitus
703 3767 807 3872 aquae
826 3771 956 3870 pleno,
977 3770 1095 3866 potis-

88 3887 232 3965 simum
245 3887 471 3986 respirabat3
488 3890 615 3988 itaque
628 3891 659 3961 si
668 3888 812 3968 dexteri
826 3912 925 3984 aqua
941 3885 1096 3956 medias-

89 4005 175 4074 tino
195 4003 442 4094 incumbens,
466 4005 539 4078 hoc
566 4008 605 4078 in
630 4009 825 4080 sinistrum
850 4003 1014 4077 thoracis
1037 4025 1097 4072 ca-
