2820 4662
281 478 354 571 Aah
435 505 492 554 nr
518 501 663 553 samma
689 503 736 550 ar
758 501 882 550 canus
907 503 1117 552 uonaorma

282 617 437 705 dillero,
453 617 491 689 in
513 615 653 714 quibus
666 605 963 691 commodiorem
983 615 1109 688 locum
1124 633 1216 692 sunt
1228 617 1295 692 ha«

280 737 424 812 btturae.
434 739 523 826 Quae
542 751 665 808 antem
682 736 758 831 jam
775 731 1027 833 proferentur,
1041 736 1108 808 etsi
1119 762 1202 808 non
1214 738 1292 812 siue

279 858 324 928 iis
342 872 448 930 erant
469 855 694 952 squamulis3
716 853 806 926 illuc
824 867 950 924 tamen
969 853 1294 954 spectabuntque

281 973 377 1048 ordo
404 973 585 1072 postulat,
610 971 656 1042 ad
679 987 941 1067 aneurysmata
964 970 1142 1045 videlicet
1167 973 1296 1048 cordis
1400 991 1401 1066 t

282 1092 413 1178 simul,
433 1105 470 1163 et
491 1115 633 1188 magnae
650 1091 804 1160 arterias.
1400 1091 1401 1108 ³

332 1209 389 1284 28.
416 1214 540 1282 Anum
567 1205 858 1305 promemodum
878 1205 1186 1303 octogenariam,
1204 1223 1292 1278 cum

281 1329 460 1401 Bononiae
479 1325 653 1424 degerem
674 1351 778 1397 anno
799 1350 902 1423 1702,
924 1325 1059 1424 sapius
1072 1325 1290 1398 audiveram

282 1444 329 1518 de
361 1443 556 1518 stomacho
585 1459 807 1541 querentem
826 1445 903 1528 3sic
929 1459 1054 1517 sutem
1079 1442 1134 1514 ihi
1156 1443 1292 1540 vulgos
1401 1431 1402 1438 ἵ

282 1561 538 1659 soletpartem
562 1559 782 1634 inferiorem
796 1562 959 1660 pectoris
975 1561 1185 1658 designare.
1205 1559 1291 1631 Pul·

282 1703 344 1755 sus
361 1696 467 1755 erant
485 1680 645 1752 maxime
661 1679 819 1754 vibrati:
841 1677 1040 1752 difficultas
1063 1693 1192 1750 autem
1216 1678 1288 1776 spi-

280 1799 389 1873 randi
405 1814 530 1884 tauta,
549 1797 733 1870 assedere
752 1799 790 1868 in
813 1797 951 1870 lectolo
972 1814 1193 1894 cogeretur3
1209 1820 1288 1894 qnoe

280 1931 406 1990 tamen
423 1915 640 1990 remittebat·
655 1915 864 2003 interdum,
882 1914 969 1986 dato
986 1915 1089 2002 oleo,
1104 1939 1150 1986 ex
1170 1914 1291 1986 dulci·
1402 1969 1403 2014 ,

279 2033 353 2108 bus
366 2033 570 2132 amygdalis
585 2058 717 2106 recens
730 2059 918 2132 expresso.
932 2033 1106 2131 Denique
1119 2033 1170 2104 ita
1183 2048 1286 2105 aucta

282 2169 355 2240 ost,
374 2170 415 2226 ut
431 2152 626 2225 mulierem
646 2148 896 2224 suffocaverit.

329 2270 497 2344 Thorace
522 2285 707 2358 reserato,
736 2295 813 2340 non
843 2293 961 2368 pauca
982 2269 1022 2340 in
1045 2267 1120 2340 hoc
1147 2293 1288 2368 aquae

280 2388 392 2462 nobis
412 2404 611 2486 conspecta
628 2404 703 2478 est3
727 2388 792 2470 sed
813 2389 849 2458 in
873 2386 1087 2486 pericardio
1104 2387 1293 2485 plurima,

280 2523 323 2579 ut
349 2508 472 2604 ipsum
507 2529 584 2576 non
612 2505 852 2577 mediocriter
879 2505 1121 2576 distenderet.
1148 2509 1228 2577 Cor
1251 2529 1291 2577 aa
1403 2571 1404 2602 Σ

281 2623 401 2707 mole,
417 2625 601 2720 parietum
625 2617 886 2708 crassitudine,
906 2621 1161 2694 thalamorum
1181 2648 1291 2723 capa·
1403 2625 1404 2672 ἶ

282 2743 410 2826 ritate,
436 2756 477 2812 ut
502 2740 654 2836 juvenci
677 2741 876 2814 rideretur.
895 2745 937 2810 ln
963 2755 1126 2838 auroque
1149 2740 1289 2814 horum

281 2857 471 2958 polyposae
491 2861 755 2932 concretiones
774 2885 850 2930 non
873 2883 1011 2958 parvae,
1035 2858 1076 2929 in
1102 2882 1192 2931 rasa
1207 2883 1292 2957 per·

279 2976 453 3050 tinentes.
477 2981 627 3050 Aortaa
648 2977 762 3054 corde
780 2977 827 3048 ad
847 2979 1017 3076 primum
1040 2999 1167 3073 numae
1189 2973 1290 3052 otili·

270 3097 381 3170 'cium
404 3097 641 3194 superiorum
659 3119 851 3167 ramorum
877 3097 1035 3167 maxime
1057 3094 1234 3184 dilatata,
1255 3109 1290 3167 et

280 3230 362 3305 toto
387 3213 503 3287 ferme
524 3239 571 3286 eo
591 3230 713 3286 tractu
732 3229 863 3313 operta
877 3215 980 3286 intus
1001 3212 1214 3310 squamulis
1231 3237 1289 3285 os-

282 3333 371 3419 seis,
390 3346 426 3403 et
447 3331 542 3402 nihil
556 3333 672 3430 magis
687 3358 799 3430 quam
815 3331 1061 3403 creberrimas
1084 3329 1178 3401 alhae
1197 3354 1290 3403 cerae

280 3463 404 3546 guttas
421 3446 688 3537 referentibus,
712 3466 913 3548 postquam
931 3452 971 3520 in
993 3437 1212 3547 pavimento
1230 3471 1290 3520 re-

281 3555 476 3637 frixerunt.
509 3569 664 3639 Sinister
691 3569 842 3666 pulmo,
876 3565 1056 3642 inferiore
1081 3566 1289 3664 praesertim

282 3699 387 3785 parte
414 3684 532 3754 laxior
560 3701 597 3757 et
620 3687 938 3785 semicorruptus,
964 3710 1045 3756 noo
1063 3707 1172 3756 secus
1197 3682 1290 3756 acsi

282 3803 346 3897 din
366 3797 514 3889 fnisset,
536 3816 578 3873 nt
597 3802 643 3873 ab
665 3805 885 3884 anatomicis
904 3801 1098 3877 interdum
1116 3800 1231 3890 solet,
1250 3800 1290 3872 in

282 3944 378 4020 aqua
398 3934 616 3992 maceratus.

333 4063 390 4134 29.
427 4037 649 4130 Historiam,
662 4039 705 4112 io
724 4039 854 4122 multis
880 4038 970 4118 huic
986 4035 1167 4124 similem,
1187 4030 1287 4135 apud
