2812 4660
315 429 386 517 334
479 451 525 498 nn
552 449 697 497 sumnus
723 449 766 494 nr
793 447 1154 498 csusrsnonnonun

315 569 438 663 aliqua
472 589 550 634 non
577 561 756 634 absimilis
785 562 1059 651 concretionis,
1083 578 1148 636 aut
1179 569 1318 663 grumis

316 686 425 756 etiam
451 682 618 752 concreti
644 680 851 776 sanguinis,
872 703 969 776 quos
988 680 1157 779 reliquus
1185 683 1319 756 fluidus

317 825 443 873 secum
462 825 506 870 ex
529 821 620 867 cavo
645 797 758 893 ampli
777 799 1048 892 aneurysmatis
1068 799 1158 870 illuc
1174 799 1320 900 abripe-

307 901 392 1004 ¹r‘et,
409 917 531 987 donec
548 914 680 999 semel,
697 928 807 1010 atque
822 915 959 984 iterum
977 939 1063 1012 pars
1076 941 1212 988 eornm
1231 933 1320 990 etu-

207 1095 211 1106 .
316 1034 410 1112 bulo
430 1048 576 1103 extrusa
596 1031 760 1128 repetitae
781 1054 849 1128 per
866 1031 965 1111 ,vices
984 1029 1159 1104 effusioni
1180 1034 1322 1106 aditum

319 1153 607 1248 semiapertum,
627 1148 829 1226 novissime
842 1163 966 1218 autem
979 1152 1136 1222 omnino
1148 1169 1322 1250 apertum

319 1269 561 1363 relinqueret.
580 1264 691 1353 Quod
706 1289 796 1336 vero
807 1264 853 1334 ad
869 1281 1021 1362 sputum
1037 1270 1321 1366 sanguinisatti-

230 1383 238 1392 “
319 1399 402 1468 net,
420 1384 538 1481 possis
556 1379 709 1452 fortasse
725 1381 772 1451 ab
788 1383 975 1477 ejusmodi
987 1402 1322 1482 aneurysmatecu-

321 1502 467 1573 niculos
482 1501 626 1597 aliquos
637 1500 675 1570 in
688 1499 909 1571 utrumlibet
925 1503 1140 1598 proximum
1155 1520 1221 1576 aut
1231 1531 1322 1578 oeso-

321 1619 453 1719 phagi,
467 1634 530 1690 aut
549 1619 689 1706 arteriae
702 1643 839 1715 asperae
854 1619 1019 1691 canalem
1033 1637 1323 1696 excavatoscon-

323 1738 462 1834 cipere,
480 1737 544 1832 qni
565 1735 721 1832 propter
743 1734 944 1832 obliquum
967 1736 1123 1809 ductum
1142 1740 1246 1810 intra
1260 1765 1321 1838 po·

323 1855 492 1951 lyposam
514 1854 614 1923 illam
638 1853 939 1942 concretionem,
959 1855 1082 1927 minus
1101 1854 1263 1947 fuerim,
1281 1857 1320 1930 ab

323 1997 369 2043 eo
387 1974 591 2069 praesertim
609 1973 674 2066 qui
695 1972 956 2067 perquisivisse
967 1997 1045 2044 non
1059 1974 1235 2063 videtur,
1250 1976 1321 2047 ani-

323 2089 519 2160 madversi.
546 2093 747 2176 Caeterum,
771 2113 1008 2186 quacumque
1037 2073 1084 2162 id'
1102 2092 1150 2164 sit
1182 2095 1321 2164 ratione

325 2207 610 2305 explicandum,
635 2205 727 2275 illud
757 2221 902 2277 certum
934 2223 1013 2295 est,
1040 2209 1120 2280 aliis
1151 2235 1320 2308 quoque,

325 2325 416 2396 dum
435 2348 655 2420 aneurysma
680 2324 777 2394 intra
798 2349 929 2396 cavum
949 2325 1114 2424 pectoris
1130 2351 1321 2426 rumpere·

325 2457 404 2528 tur,
422 2444 642 2537 sanguinem
663 2441 773 2511 simul
789 2466 858 2539 per
871 2467 913 2513 os
931 2443 1072 2514 exiisse.
1087 2445 1147 2515 Sic
1165 2447 1200 2516 is
1217 2469 1320 2543 quem

325 2557 497 2640 laudatus
516 2556 767 2655 Vaicarengus
788 2559 984 2648 describit,
1010 2559 1141 2632 eodem
1163 2577 1323 2662 tempore

325 2674 1322 2774 modicamsanguiniscopiamperexscreatumeduxit.

379 2818 431 2890 17.
446 2796 512 2863 Vir
524 2795 795 2890 quinquaginta
809 2797 978 2892 quinque
991 2819 1197 2884 annorum,
1207 2819 1321 2894 parre

325 2926 489 2996 staturae,
508 2911 571 2983 sed
590 2911 791 2998 robustus,
810 2927 846 2982 et
865 2912 972 2984 valde
992 2914 1108 3001 salax,
1134 2916 1260 3010 quise
1279 2913 1322 2982 ci·

324 3031 571 3111 siariimod0,
589 3031 703 3101 modo
722 3028 888 3100 rhedarii
904 3029 1092 3101 laboriosa
1104 3045 1184 3102 arte
1198 3029 1322 3104 tueba-

322 3163 403 3237 tur,
423 3165 507 3221 ante
524 3147 750 3221 decennium
763 3147 911 3219 circiter
928 3147 1054 3218 multis
1071 3147 1245 3220 aerariis
1266 3146 1322 3219 ob

322 3268 458 3337 noxius
487 3291 564 3338 esse
598 3265 740 3338 morbis
770 3265 908 3362 coepit,
938 3261 1107 3337 febribus
1137 3267 1320 3362 primum,

324 3384 459 3456 deinde
470 3383 577 3456 lienis
593 3385 712 3469 vitiis,
732 3396 860 3478 postea
877 3381 1075 3469 cachexiae,
1088 3381 1256 3481 hydropi
1265 3383 1321 3454 de-

323 3502 450 3598 niqne.
463 3503 504 3574 ,Α
520 3526 596 3597 quo
611 3555 620 3588 ,
638 3524 739 3570 anno
758 3515 960 3596 antequam
980 3525 1001 3568 e
1019 3501 1093 3570 vita
1107 3502 1321 3588 excederet,

321 3617 520 3706 liberatus,
535 3618 710 3690 citrinum
731 3633 856 3688 tamen
873 3619 968 3688 cutis
986 3617 1177 3706 colorem,
1194 3635 1234 3690 et
1256 3615 1321 3690 dif-

322 3734 527 3807 ficultatem
545 3733 711 3831 spirandi
735 3735 899 3805 retinuit.
926 3739 1011 3805 Haec
1032 3759 1054 3803 a
1079 3749 1188 3805 motu
1206 3737 1320 3834 ingm-

321 3853 512 3936 vescebat,
535 3875 612 3921 nou
629 3853 708 3923 sine
726 3851 891 3949 quodam
906 3851 1029 3923 cordis
1045 3853 1152 3949 quasi
1169 3876 1317 3950 angore.

271 3958 273 3963 ’
322 3970 365 4040 ln
384 3970 515 4068 jugulo
535 3983 572 4039 et
591 3969 826 4066 temporibus
842 3970 984 4044 arteriae
1004 3969 1200 4043 evidenter
1219 3969 1319 4044 salie-
