2766 4670
214 354 283 402 err.
311 355 336 400 1.
364 353 412 400 nu
437 344 573 400 uenus
598 350 894 420 crr1r1s‚rr1sr.
922 351 1013 400 inu·
1051 329 1115 404 151·

105 467 162 547 ab
182 465 382 544 affectione
405 463 756 564 hypochondriaca‚
786 487 902 562 quarn
927 467 1121 565 sanguinis

105 586 238 664 fluxus
256 609 325 684 per
340 581 636 660 haemcrrhoides
654 578 940 680 significaverat,
965 579 1120 670 fortusse

106 704 324 801 proniores.
344 699 458 790 Quod
477 701 679 798 cogitatum
694 695 934 772 confirmavit
952 717 1121 774 eventus.-

106 823 208 893 Nam
221 817 362 890 blande
375 819 543 916 purgatis
556 817 687 915 primis
698 817 780 902 viis,
793 831 830 890 et
843 818 1025 914 sanguine
1038 835 1120 916 par·
1193 823 1196 831 ’

108 961 190 1013 cee
209 936 339 1011 cubito
351 937 535 1033 primurn,
545 933 683 1008 deinde
699 959 718 1004 e
732 932 819 1007 sede
834 956 1004 1032 quoqne,
1016 937 1120 1015 unde

108 1079 134 1126 a
150 1069 288 1128 natura
305 1055 416 1142 olirn,
442 1067 484 1128 ut
502 1051 594 1142 diri,
614 1065 877 1138 consueuerat,
899 1051 1057 1142 educto;
1074 1057 1122 1128 si·

111 1173 196 1254 mul
215 1187 341 1248 autem
361 1196 445 1269 quse
461 1169 691 1255 mulcerent,
708 1169 894 1258 laxarent,
910 1168 1122 1262 diluerent,

109 1289 344 1386 acidumque
356 1312 529 1386 saporem
547 1286 936 1384 corrigerent‚,detis;
957 1311 1043 1360 eum
1056 1287 1122 1360 ali·

110 1420 209 1502 quot
225 1406 302 1502 jam
324 1419 459 1477 noctes
477 1405 558 1477 sine
577 1402 753 1508 ‘aphoniae
773 1391 915 1476 insultu
931 1403 1052 1477 ductae
1066 1430 1122 1480 es·

111 1537 211 1609 seut,
220 1521 390 1602 interdiu
407 1533 532 1595 eutem
546 1520 668 1595 multo
687 1519 766 1592 haec
782 1521 903 1598 rarius
918 1521 1126 1620 ingrueret,
1221 1513 1223 1516 ⁵

109 1637 219 1714 brevi
234 1640 368 1714 itinere
385 1638 667 1726 commendato,
685 1653 793 1736 sputa
809 1638 937 1730 minus
950 1633 1122 1738 eopiosa,
1191 1721 1192 1726 ,

110 1757 313 1854 minusque
321 1753 426 1831 acida
436 1753 530 1830 faeta
538 1756 842 1856 sunt‚vinnmque
851 1779 949 1852 aqua
958 1754 1121 1828 dilutum

111 1872 203 1945 ferri
213 1873 358 1971 potuit,
369 1887 422 1962 et,
433 1898 482 1944 ne
498 1871 638 1959 multis,
652 1873 750 1950 intra
767 1871 867 1958 diem
883 1872 1122 1972 quadregesi-

112 2015 221 2064 mum
241 2015 291 2064 an
302 1991 662 2090 ¹quinquagesimum
679 2016 725 2062 ex
741 2015 818 2088 quo
834 1991 1037 2088 inceperat,
1048 2001 1123 2064 'nee

112 2124 238 2182 metus
256 2109 449 2206 gravioris,
457 2108 686 2208 longiorisve
703 2108 875 2195 mali‚aut
883 2107 1042 2180 redituri
1052 2107 1124 2186 sel-

112 2240 193 2298 tem
208 2249 361 2324 expers,
378 2223 527 2300 affectio
542 2247 698 2324 pronun
719 2227 819 2298 victe
839 2239 876 2296 et
891 2224 1036 2296 sublata
1054 2240 1121 2296 est.

112 2349 197 2418 Huc
213 2341 336 2441 piacet
347 2342 500 2432 addere,
510 2358 547 2415 et
560 2344 673 2421 simul
684 2336 810 2416 tamen
820 2344 861 2412 in
873 2341 999 2416 medio
1011 2344 1123 2415 reliu-

113 2485 232 2560 quere
253 2459 359 2557 quod
374 2485 472 2558 eger
488 2460 611 2551 idem,
626 2463 684 2532 vir
699 2475 798 2534 certe
817 2461 959 2560 gravis,
978 2485 1123 2535 asseve-

112 2577 230 2672 rabat.
244 2581 384 2652 ‘Rome
404 2579 537 2651 olima
563 2559 740 2652 sevisum
765 2579 805 2648 in
829 2579 911 2649 viro
930 2579 1122 2678 principe,

114 2695 180 2793 qui
208 2695 322 2768 simili
345 2693 483 2770 affectu
502 2679 777 2794 corripiebatur
798 2723 806 2766 :
824 2694 929 2767 hunc
948 2695 1122 2768 videlicet

115 2813 201 2888 tolli
218 2814 475 2904 consuevisse,
492 2815 524 2913 si
533 2813 619 2912 quis
627 2814 668 2885 in
680 2838 810 2886 aurem
822 2813 1032 2911 inspiraret.
1048 2817 1120 2888 Ve-

115 2953 203 3004 rum
222 2930 311 3002 satis
329 2929 519 3006 dissimilis
540 2928 653 3004 fuerit
671 2927 838 3018 affectio,
865 2943 1036 3029 oportet3
1058 2953 1122 3001 ue,-

115 3072 189 3145 que
206 3047 312 3120 ,eninr
325 3041 454 3128 nester
473 3048 521 3122 ad
539 3051 595 3122 sui
613 3049 846 3122 curationem
860 3071 933 3120 uos
944 3045 1123 3120 advoces·

116 3179 189 3254 set,
203 3165 235 3238 ei
250 3189 271 3239 a
290 3179 366 3238 tem
377 3164 478 3239 facili
488 3166 655 3240 remedio
669 3165 838 3241 eamdem
850 3163 920 3237 sibi
932 3187 1044 3262 opem
1053 3161 1125 3236 fer-

116 3307 149 3354 n
173 3283 359 3356 sensisset.

165 3399 223 3472 38.
245 3403 300 3471 ne
324 3399 493 3474 banuue
521 3425 676 3502 queque
699 3415 755 3474 en
782 3383 1121 3497 aliquid'adjicien-

119 3515 221 3590 dum.
248 3519 421 3616 Namque
448 3519 711 3593 observatione
731 3521 817 3590 XXI
836 3516 906 3615 (1)
930 3518 1125 3591 inducitur

157 3869 202 3950 (ι)
224 3874 301 3931 Scet.
318 3890 365 3930 22.
484 3846 488 3854 ,
