2750 4658
141 446 213 494 cra.
239 444 282 492 11.
309 444 357 492 nr
382 441 518 492 uonms
542 443 736 508 rnomcrs,
760 445 873 494 smsr.
900 448 971 495 xv1.
1000 425 1066 498 301

63 559 256 632 hactenus
267 554 503 629 considerata
515 570 604 628 sunt
613 558 752 646 omnia,
770 560 855 630 satis
866 561 1073 636 internosci

64 701 148 748 non
175 688 319 774 queant
337 701 347 763 3
367 673 593 771 relinquitur
608 689 650 746 ut
669 675 863 748 videamus
884 678 980 750 sitne
1002 681 1073 777 sig-

63 791 278 866 numaliud
294 791 450 890 aliquod
470 793 520 863 ita
542 793 741 890 proprium
762 792 945 892 hydropis
972 798 1074 894 peri·
1138 841 1152 857 .

65 911 207 1000 cardii,
232 925 276 982 ut
302 934 427 1008 neque
450 908 512 982 hic
534 911 614 982 sine
637 934 682 982 eo
699 911 808 1008 signo
832 935 911 984 esse
933 915 1072 1011 possit,

65 1053 192 1128 neque
206 1027 283 1102 hoc
299 1028 379 1100 sine
393 1027 469 1100 illo.
494 1031 544 1099 Te
561 1042 687 1100 autem
705 1027 860 1103 credere
879 1055 958 1102 non
979 1046 1073 1129 puto

65 1145 174 1246 quod
190 1171 212 1218 a
227 1142 514 1242 Vieussenio(1)
534 1146 772 1244 propositum
787 1159 860 1236 est,
880 1147 1075 1246 palpebra·

63 1289 174 1352 rum,
202 1251 474 1360 labiorumque
501 1262 668 1334 colorem
691 1265 757 1362 qui
777 1262 825 1335 ad
851 1264 1074 1362 plumbeum

67 1395 224 1479 vergat,
238 1378 332 1452 illud
353 1404 432 1454 esse
450 1378 556 1478 quod
569 1382 816 1478 requirimus,
839 1386 978 1458 cumin
992 1386 1073 1458 aliis

66 1523 224 1598 qunque
240 1521 319 1570 esse
338 1497 481 1570 morbis
501 1512 633 1595 queat,
650 1522 721 1570 nec
746 1500 786 1570 in
803 1499 1070 1599 monacha(2)

64 1630 168 1688 certe
181 1615 304 1690 fuerit.
319 1619 376 1689 An
390 1615 505 1714 igitur
521 1618 647 1712 potius
661 1639 792 1688 sensus
807 1616 883 1705 illi,
901 1642 998 1715 quos
1012 1620 1073 1690 Al·

65 1732 243 1806 bertinus
264 1730 318 1830 (3)
338 1730 594 1819 confirmavit,
613 1731 653 1802 id
681 1746 737 1802 est
758 1731 939 1829 ponderis
967 1735 1073 1808 cordi

67 1851 256 1948 impositi,
273 1864 311 1922 et
329 1848 592 1948 oppressionis
613 1849 653 1918 in
673 1849 882 1946 quamlibet
899 1852 974 1924 levi
993 1879 1074 1924 mo·

65 1983 129 2056 tu,
148 1982 187 2040 et
205 1967 311 2064 quasi
327 1966 606 2040 constrictionis
631 1967 748 2064 ipsius
769 1968 915 2041 cordis:
937 1969 1075 2043 confir-

67 2086 198 2170 mavit,
218 2085 391 2183 inquam;
415 2110 504 2156 nam
522 2101 560 2158 et
573 2086 751 2158 Graetzius
769 2085 823 2184 (4)
837 2087 991 2184 pondus
1009 2113 1076 2162 cor

67 2227 299 2300 aggravans,
310 2218 347 2275 et
354 2208 621 2299 constringens,
635 2219 825 2276 crescente
836 2204 910 2302 hoc
923 2207 1072 2298 morbo,

66 2325 196 2393 sentiri
204 2319 314 2410 dixit,
332 2345 445 2418 quem
456 2345 545 2398 sane
559 2336 690 2420 postea
698 2322 808 2394 etiam
816 2323 1072 2424 Lancisius(5)

66 2463 150 2510 cum
175 2437 300 2509 cordis
313 2437 525 2536 pondere„
547 2492 555 2508 .
575 2491 583 2508 .
604 2493 612 2509 .
637 2444 841 2536 gravitate,
861 2494 868 2510 .
887 2495 893 2510 .
913 2495 920 2512 .
942 2467 1071 2540 ,proe-

66 2554 282 2636 eordiorum
291 2559 496 2643 anxietate,
508 2557 657 2653 scripsit
666 2551 1072 2653 esse'conjunctum:et

63 2669 318 2745 Hoffmanuus
327 2671 499 2761 uiduam,
514 2697 628 2770 quam
638 2673 773 2746 eodem
786 2671 960 2746 afflictam
973 2701 1071 2768 mor-

65 2788 116 2862 bo
134 2789 427 2862 memoravimus
441 2789 507 2886 (6),
526 2789 574 2862 de
587 2815 723 2888 magno
737 2792 910 2889 pondere
925 2818 992 2864 eor
1005 2821 1071 2892 ag·

63 2911 601 3004 pavantesstrespirationem
610 2908 832 3007 impediente
839 2917 974 3006 (agrius
984 2936 1071 2983 con-

64 3025 381 3121 questamfmsse,
405 3023 568 3098 tradidit.
590 3031 670 3098 Huc
686 3027 810 3096 virum
829 3025 984 3115 referes,
1006 3029 1073 3125 qui

63 3145 241 3232 'Fautono
256 3143 354 3240 patri
371 3139 426 3238 (7)
440 3148 657 3238 gravissimo
666 3141 843 3240 pondere
850 3149 1019 3240 pectoris
1032 3168 1072 3216 se
