2766 4670
115 447 190 493 ιιι.
220 445 259 492 ιι.
288 445 335 490 nr
362 441 859 507 uonnlsruonncts,nr1sr.
886 442 944 490 xv.
971 419 1041 516 '187

37 561 224 630 contiuuo
237 559 337 630 inter
351 557 524 629 nondum
538 557 702 655 sepultas
715 571 859 655 partes,
872 572 908 630 et
921 556 967 628 ad
984 582 1045 629 me

38 673 169 750 referri
180 675 378 772 laryngem
389 729 399 764 ,
410 676 515 771 jussi.
533 678 655 766 Quam
674 676 741 746 ubi
757 691 900 774 atergo
912 677 1045 748 secun-

39 793 125 864 dum
139 794 590 892 longitudinem'incisam
600 848 610 882 ,
619 793 750 865 diduxi
759 849 769 883 ,
779 795 961 865 continuo
970 817 1046 864 ma·

39 910 215 984 nifestum
230 910 415 1009 fuitquod
423 911 692 1010 querebamus.
709 915 780 984 Pus
790 913 890 983 enim
903 937 949 994 en
960 909 1046 982 albo

42 1031 247 1118 cinereum,
260 1045 298 1102 et
307 1031 416 1128 quusi
425 1031 661 1128 pultaceurn,
673 1025 875 1106 formatum
887 1030 926 1099 in
936 1029 1048 1101 obtu-

43 1151 200 1220 ramenti
229 1147 406 1237 modum,
426 1147 650 1219 occludebat
669 1149 817 1245 penitus
841 1171 974 1222 cavum
996 1147 1050 1218 la-

45 1267 165 1363 ryngis
184 1265 293 1364 quod
312 1263 409 1337 infra
425 1265 621 1364 gluttidem
646 1280 701 1337 est
719 1290 729 1336 e
753 1290 873 1363 eoque
890 1266 976 1338 loco
988 1280 1050 1336 tu-

45 1384 118 1453 nica
128 1384 329 1482 laryngeiu
338 1377 574 1455 convestiunt
583 1398 662 1454 crat
677 1383 904 1472 exulcerata,
916 1407 1050 1481 quem-

47 1500 245 1573 admodum
270 1516 307 1572 et
330 1525 405 1599 qun
421 1503 614 1599 proximos
634 1501 793 1572 annulos
811 1501 956 1598 aliquot
974 1516 1050 1572 tra-

51 1615 140 1688 cheae
161 1619 309 1690 arteriae
335 1617 552 1717 operiebat,
584 1643 803 1716 quanquam
834 1618 896 1689 hic
919 1619 1048 1689 levius.

51 1735 660 1835 Quibuspostremoanatomesdie
671 1739 712 1806 iu
724 1735 871 1808 theatro
882 1735 1053 1808 demens·

55 1855 162 1941 tratis,
175 1855 267 1927 satis
282 1854 461 1926 omuibus
478 1852 617 1925 fuctum
631 1868 698 1939 cst.

98 1977 148 2058 14.
165 1975 507 2071 Cogitanspostea,
525 1971 628 2043 unde
639 1971 845 2044 illiusmodi
858 1971 961 2069 puris
973 1985 1051 2040 tnn-

56 2102 122 2160 tum
141 2095 229 2190 cogi
240 2094 279 2163 iu
298 2117 386 2164 cum
406 2093 534 2164 locum
552 2093 751 2190 potuisset,
769 2105 811 2162 nt
825 2089 925 2160 viam
943 2114 1052 2186 pror-

58 2209 332 2300 susebturaret,
346 2213 443 2309 coepi
461 2211 633 2309 larynges
645 2209 860 2308 diligentius
871 2206 1051 2293 incidere,

59 2328 337 2426 conspectusque
357 2353 438 2399 non
458 2327 573 2399 inodo
587 2327 772 2427 glandulis
783 2325 852 2399 sub
865 2349 909 2397 ea
922 2326 1052 2396 tunica

61 2446 220 2532 censitis,
242 2445 308 2518 scd
328 2461 365 2517 et
384 2446 683 2518 ventriculorum
704 2445 825 2516 caveis
843 2445 883 2515 in
902 2467 994 2542 quas
1011 2467 1053 2514 ea

60 2562 178 2634 tunica
196 2585 237 2634 sc
254 2563 447 2661 producit,
467 2580 547 2636 tum
566 2561 842 2661 ejusdemmodi
861 2560 1055 2660 glandulas

63 2689 129 2748 tum
156 2677 317 2752 inferius
338 2698 424 2752 crus
446 2681 622 2777 openiens
639 2677 902 2778 glandularnm
928 2683 1055 2775 a'rytae·

64 2797 294 2885 noidearum3
320 2821 399 2868 non
418 2795 620 2869 difficulter
632 2796 798 2893 *conjeci
812 2795 1056 2866 exulceratio-

65 2935 138 2985 nem
149 2918 193 2986 in
207 2901 355 3014 virgine
373 2913 418 2986 de
436 2937 511 3010 qua
528 2911 672 2984 dictum
692 2925 771 2998 est,
791 2927 832 2983 ut
854 2909 953 2982 inira
975 2927 1056 2982 crat

65 3030 263 3123 manifesta,
275 3033 327 3105 sic
340 3033 379 3102 in
391 3030 610 3104 ventriculis
622 3053 776 3127 qunque
787 3029 902 3100 latere
912 3028 1055 3126 putuis-

64 3170 111 3236 se,
132 3153 175 3222 iu
195 3151 331 3248 hisque
356 3151 502 3221 lentum
519 3171 589 3247 pus
606 3171 754 3218 moram
770 3145 937 3234 trahere,
962 3171 1057 3244 prae-
1147 3245 1150 3248 Ι

62 3271 177 3340 sertim
190 3293 353 3368 corpore
365 3267 412 3338 ad
425 3266 696 3340 dormiendum
704 3265 938 3364 compositu,
950 3267 1057 3338 etali-

66 3401 194 3478 quanto
216 3385 368 3458 densius
383 3383 483 3474 ficri,
500 3398 538 3454 et
557 3398 686 3482 postea
703 3383 801 3454 inter
820 3381 1063 3481 loquendum.

67 3503 243 3592 excidere,
255 3502 349 3575 etad
360 3502 453 3574 illud
466 3500 870 3600 addiqnodelaryngis
883 3517 920 3574 et
932 3504 1059 3601 proxi·

68 3620 128 3691 mis
145 3623 287 3692 arteriae
308 3645 446 3719 asperae
463 3617 671 3718 parietibus
687 3618 899 3717 depiuebat.
913 3621 1060 3711 Sinaeri

66 3740 170 3836 magis
184 3740 355 3811 minusve
375 3737 579 3827 obstando,
602 3737 719 3836 magis
735 3739 906 3809 minusve
924 3736 1058 3809 diffici-

65 3847 129 3922 lem
137 3859 420 3955 respirationem
436 3854 577 3945 fecisse,
589 3854 710 3927 donec
721 3881 764 3926 ea
777 3853 928 3927 tandem
940 3855 1059 3925 utrin-

66 3986 129 4059 que
148 3975 274 4072 copia,
299 3997 418 4071 eaque
436 3998 456 4044 e
477 3972 696 4046 ventriculis
718 3971 902 4044 densitate
919 3994 1057 4067 proru-
