2750 4658
146 475 218 522 ma.
246 472 286 524 11.
314 457 879 542 nsuoarrsrnonsors,nr1‘sa.
905 475 978 524 xvi.
1009 451 1074 524 281

71 589 238 674 iterum,
254 590 412 662 tertiove
432 613 566 688 aegram
583 588 790 679 visitando,
810 589 935 662 morbi
947 589 1082 664 obscu-

74 705 219 778 rissimi
232 721 409 778 naturam
423 732 468 778 ex
481 707 525 780 iis
542 733 624 804 quae
638 708 805 807 inspecta
823 709 956 781 melius
969 733 1084 807 quam

73 823 228 912 audita,
257 820 411 897 fortasse
436 824 681 922 intelligeret,
710 827 945 923 perscrutari.
971 825 1083 916 Quod

77 967 169 1014 curn
191 941 392 1042 diligenter
408 940 568 1032 fecisset,
583 957 695 1041 atque
715 969 757 1016 ea
777 970 856 1017 non
869 945 985 1048 modo
1003 971 1085 1043 quae

77 1062 279 1152 adessent,
298 1064 364 1137 sed
380 1080 417 1136 et
431 1089 515 1162 quae
532 1062 721 1152 abessent,
741 1078 949 1163 perattente
964 1066 1087 1136 consi·

77 1179 271 1271 derasset3
289 1196 496 1254 convocato
512 1205 643 1253 rursus
660 1182 893 1254 medicorum
915 1182 1088 1270 concilio,

78 1299 251 1394 primum
258 1299 413 1396 quidem
425 1299 638 1397 singillatim
648 1300 814 1371 rationes
825 1299 960 1388 attulit,
971 1321 1087 1395 quare

79 1417 211 1488 minus
225 1415 297 1487 sibi
313 1417 513 1489 verisimile
532 1414 662 1505 fieret,
682 1439 761 1488 esse
782 1417 889 1488 illum
908 1416 1087 1487 morbum
1133 1441 1135 1458 ·

79 1531 208 1604 ullum
221 1557 266 1606 ex
278 1535 322 1606 iis
333 1536 403 1632 qui
412 1550 499 1608 sunt
510 1535 726 1623 memorati,
741 1559 853 1632 quam
865 1534 1089 1633 hydropem,

81 1664 118 1721 et
129 1649 239 1720 hunc
255 1652 474 1749 pericardii:
493 1637 705 1748 hydropem
717 1650 869 1746 quidem
879 1676 890 1738 ;
902 1676 989 1721 nam
1005 1677 1091 1749 pro·
1174 1737 1178 1742 ⁵

82 1768 189 1840 tinus
205 1766 254 1839 ah
271 1770 414 1867 ingesta
430 1768 542 1864 aquei
556 1766 729 1838 humoris
741 1781 841 1836 tanta
859 1768 966 1863 copia
984 1783 1089 1841 ortus

85 1901 185 1975 erat,
203 1909 290 1957 cum
306 1885 385 1970 haec
409 1908 574 1982 nequee
596 1906 756 1982 corpore
774 1883 995 1982 prodiisset,
1025 1909 1091 1954 ne·

86 2027 163 2101 que
176 2018 254 2075 tam
270 2002 377 2077 brevi
396 2018 568 2102 tempore
588 2004 673 2074 satis
694 2026 781 2073 cum
805 2002 985 2099 sanguine
998 1989 1092 2073 'mis-

88 2122 167 2191 ceri
183 2121 385 2218 potuisset,
405 2135 448 2192 ut
462 2136 662 2220 propterea
679 2143 766 2218 pars
783 2120 863 2216 ejus
876 2118 1000 2216 aliqua
1013 2144 1094 2192 cre·
1163 2139 1166 2146 ·

91 2235 217 2309 denda
237 2254 333 2310 esset
348 2240 387 2310 in
403 2238 529 2311 locum
544 2227 761 2337 quempiam
773 2229 977 2328 seceisisse,
987 2234 1092 2309 facile

89 2379 110 2426 a
126 2355 367 2455 primordiis,
385 2371 427 2428 ut
443 2355 506 2447 fit,
525 2356 571 2427 ad
588 2355 627 2428 id
645 2357 762 2453 magis
779 2379 892 2452 quam
911 2354 1000 2443 alia,
1018 2354 1094 2426 dis-

89 2475 257 2572 positum
270 2501 277 2544 :
289 2473 609 2571 pericardiivero,
623 2473 728 2570 quod
739 2473 944 2544 nonnullos
956 2495 1093 2570 aquam

89 2593 129 2662 in
156 2616 203 2663 eo
229 2606 444 2690 congestam
463 2590 638 2686 habuisse
657 2615 727 2688 per
743 2593 945 2663 sectionem
965 2590 1095 2686 depre-
1122 2651 1129 2658 .

91 2709 307 2798 hendisset,
326 2709 364 2779 in
378 2707 516 2806 quibus
527 2708 677 2797 eadem,
697 2722 760 2780 aut
773 2708 922 2798 similia,
939 2707 1028 2778 dum
1044 2707 1096 2776 vi-

93 2841 247 2915 verent,
261 2824 502 2896 incommoda
512 2824 735 2931 adnotasset.
751 2827 887 2924 Accipe
900 2849 1004 2896 nunc
1017 2849 1098 2922 quae
1150 2831 1151 2835 ’

96 2942 145 3014 ab
161 2944 302 3041 virgine
313 2941 501 3032 abessent,
515 2941 621 3012 mala.
636 2948 763 3013 Bonus
777 2957 855 3014 erat
867 2939 1098 3014 iacieicolor:

98 3063 223 3134 somni
234 3060 507 3159 imperturbati.
522 3065 633 3132 Recte
648 3059 770 3148 alvus,
790 3075 891 3132 recte
909 3071 1101 3130 menstrua

97 3177 389 3278 respondebant.
403 3179 629 3276 Respiratio,
650 3177 725 3248 sive
739 3176 953 3264 staret,sive
966 3175 1101 3272 supina

81 3307 86 3312 ’
98 3297 261 3393 jaceret,
283 3298 358 3368 sive
382 3298 421 3366 in
440 3294 662 3367 utrumlibet
690 3293 844 3366 cubaret
862 3293 976 3383 latus,
997 3318 1100 3390 aeque

101 3429 182 3488 erat
194 3411 319 3485 facilis.
332 3413 463 3484 Pulsus
478 3437 602 3510 neque
615 3412 863 3509 tensi,neque
874 3410 969 3500 duri,
979 3435 1102 3510 neque

100 3531 258 3620 vibrati,
277 3555 401 3628 neque
411 3531 491 3602 ullo
501 3555 656 3628 prorsus
667 3530 782 3602 modo
793 3530 1002 3628 inaequales.
1016 3529 1105 3602 Nul-

101 3651 138 3722 la
152 3651 192 3720 in
207 3649 362 3720 thorace
375 3649 568 3746 palpitatio
580 3702 589 3738 ,
603 3664 667 3720 aut
679 3671 813 3746 magna
828 3647 999 3745 pulsatio.
1014 3647 1105 3717 an-

101 3768 162 3839 lus
190 3767 229 3837 in
258 3765 482 3863 pulmonum
507 3766 661 3863 regione
688 3765 809 3836 dolor.
838 3766 961 3836 Tussis
988 3764 1102 3834 nulla.

104 3883 271 3954 Omnino
297 3897 375 3955 erat
393 3881 508 3970 nihil,
528 3883 558 3955 si
579 3905 661 3979 quae
684 3907 794 3980 supra
820 3877 919 3951 dicta
947 3894 1050 3968 sunt,
1069 3895 1105 3951 et

104 4025 188 4098 quae
202 4017 292 4072 mox
302 3991 493 4088 dicentur,
508 4001 684 4098 excipias,
700 3999 816 4087 nihil,
834 3999 1008 4092 inquam,
1026 4011 1105 4070 erat
