2842 4672
214 472 284 519 nm.
314 471 339 524 1.
368 472 414 522 otc
440 471 894 539 nonrtscsrrrrs,rr1sr.
922 477 1002 526 1111.
1066 458 1115 545 43

98 599 188 683 post
204 585 394 682 plurimos
409 610 429 656 a
446 601 568 660 morte
583 585 682 678 dies,
696 611 829 661 verum
840 602 877 662 et
888 607 974 688 post
987 592 1118 690 plures

100 730 122 776 a
142 702 289 804 frigore
306 702 604 802 congelationes,
622 721 659 778 et
676 731 695 779 a
713 707 836 780 calore
851 710 1118 805 regelationes,

101 822 240 898 oculos
269 846 341 897 nos
367 821 521 898 demum
545 823 711 898 incidere
732 850 810 896 non
838 829 1025 922 potuisse,
1045 829 1119 901 nisi

98 943 178 1038 jam
188 939 391 1030 flaccidos,
406 957 520 1039 atque
540 940 635 1018 adeo
655 941 695 1034 in
716 969 753 1016 se
770 944 1023 1048 concidentes.
1042 949 1119 1018 Un-

103 1059 151 1132 de
180 1058 280 1132 illud
301 1058 456 1156 quidem
477 1059 712 1134 incommodi
728 1062 881 1150 accidit,
904 1063 1008 1160 quod
1027 1064 1120 1136 olim

102 1176 365 1265 anatomicos,
382 1179 523 1275 quippe
540 1178 669 1277 solitos
686 1179 857 1254 ultimam
871 1183 1043 1256 omnium
1057 1205 1120 1254 ca·

104 1294 255 1370 deveris
273 1297 438 1393 partium
460 1297 634 1387 oculum,
657 1300 868 1374 necessario
893 1298 1117 1392 flaccidum,

105 1439 330 1502 conseoare,
357 1439 402 1490 eo
424 1414 597 1503 adduxit,
618 1431 660 1488 ut
676 1418 797 1490 vitreo
815 1416 971 1492 humori
991 1418 1119 1492 sedem

103 1533 228 1610 multo
247 1557 363 1630 quem
387 1555 458 1630 par
473 1533 540 1622 sit,
564 1535 751 1608 minorem
771 1533 997 1625 tribuerint,
1016 1560 1120 1634 crys-

103 1651 283 1724 tallinum
302 1651 341 1725 in
360 1665 491 1726 centro
508 1649 586 1726 fere
606 1652 707 1727 oculi
730 1654 846 1751 ipsius
865 1652 1119 1743 collocantes;

105 1770 155 1841 sic
174 1771 282 1845 enim
298 1784 336 1842 et
350 1769 478 1858 nobis,
495 1767 655 1842 alterum
669 1795 690 1845 a
703 1768 827 1846 fronte
846 1771 1000 1846 oculum
1021 1771 1119 1844 inci-

104 1886 288 1960 dentibus
302 1911 361 1958 res
380 1885 610 1957 se·0btulere
630 1914 637 1954 :
661 1902 893 1984 quapropter
919 1888 1079 1962 alterum
1098 1913 1120 1962 a

105 2019 214 2103 tergo
232 2004 448 2079 incidimus.
467 2002 544 2078 ted
563 2003 660 2078 nihil
679 2018 882 2101 praeterea,
902 2019 945 2078 ut
960 2005 1120 2102 opinor,

105 2123 274 2200 multum
287 2121 409 2196 obluit
422 2137 558 2196 nostrae
575 2120 943 2198 observationiNam
953 2123 1120 2218 primum
1219 2217 1225 2230 ⁹

107 2242 257 2340 opticus
279 2265 419 2315 nervos
442 2255 523 2314 tum
547 2241 646 2313 intra
670 2239 989 2328 calvariam,tum
1017 2255 1121 2312 extra

32 2449 39 2461 Ι
106 2359 289 2458 praeclare
308 2358 470 2432 vidimus
486 2359 644 2432 omnino
659 2359 758 2432 inter
776 2383 815 2432 se
836 2358 996 2445 similes,
1015 2373 1052 2432 et
1073 2358 1120 2429 si-

107 2479 217 2555 miles
235 2478 352 2566 sanis,
373 2477 446 2552 nisi
457 2475 561 2574 quod
575 2477 674 2551 intra
686 2475 828 2550 orbitas
840 2500 926 2549 cum
937 2491 1122 2550 transver·

108 2621 168 2674 sos
195 2596 493 2682 dissecaremus,
523 2591 770 2670 crassioribus
794 2608 955 2692 uterque
978 2595 1121 2692 pariter

108 2714 249 2794 tunicis
277 2713 403 2789 amicti
424 2727 692 2810 apparuerunt.
721 2715 857 2788 Sanam
879 2737 1057 2811 quoque,
1084 2727 1122 2785 et

109 2834 189 2912 sine
207 2831 288 2910 ullo
312 2831 493 2906 cicatricis
522 2830 680 2928 vestigio
701 2845 902 2928 utramque
921 2854 1121 2918 corneam,

110 2965 146 3028 et
160 2949 398 3027 solereticam
407 2949 632 3023 invenimus.
643 2951 699 3021 Ne
709 2947 853 3036 multis,
864 2949 996 3020 vitium
1008 2933 1122 3020 bmne

112 3083 166 3148 est
190 3070 235 3140 in
254 3067 479 3165 crystallinis
502 3065 729 3142 humoribus
748 3065 1072 3154 animadversum,
1090 3069 1121 3138 si

113 3186 152 3261 in
172 3187 303 3264 vitreis
314 3186 476 3284 excipias
490 3185 678 3259 lentorem
693 3181 984 3280 quemdamque
998 3182 1123 3281 digitis

115 3303 381 3393 adherebant,
400 3305 440 3376 in
458 3303 571 3400 longa
584 3301 648 3376 iila
665 3301 807 3400 pituita
826 3302 965 3389 instar,
988 3325 1026 3374 se
1045 3297 1122 3374 for-

114 3438 284 3512 mantes,
301 3421 551 3520 diductosque
565 3420 702 3520 digitos
714 3434 933 3518 sequentes:
949 3420 1054 3518 quod
1074 3447 1123 3494 ne

116 3567 249 3630 morte,
272 3541 489 3638 caeterisque
504 3540 625 3616 causis
642 3563 736 3637 quas
758 3551 867 3614 antea
890 3531 1123 3614 commemo-

116 3661 218 3750 nri,
236 3660 395 3736 omnino
412 3657 638 3746 tribuerem,
656 3656 858 3732 discrimen
872 3654 958 3732 fecit
970 3658 1124 3754 majoris

116 3780 154 3855 in
172 3801 253 3858 une
275 3803 394 3880 'quam
412 3779 451 3852 in
470 3777 610 3868 altero,
631 3775 819 3852 observati
842 3777 1008 3850 lentoris.
1027 3779 1125 3846 Len-

116 3898 190 3974 tior
206 3898 311 3974 enim
324 3893 456 3984 isfuit,
473 3899 535 3974 cui
550 3895 785 3994 crystallinus
801 3893 987 3970 insidebat
997 3890 1125 3964 colore

116 4013 213 4092 davo
242 4013 440 4107 obsoleto;
465 4015 531 4094 scd
562 4016 688 4094 minus
715 4015 755 4088 in
784 4009 982 4113 superficie
1005 4007 1124 4082 ssavo:
