2750 4658
139 435 212 484 Lm.
239 433 280 484 11.
307 434 354 482 DE
379 429 516 480 MORBIS
541 429 740 497 monaca,
765 432 877 497 EPlST·
902 435 961 482 XV·
991 437 1063 514 209

59 551 187 624 sertim
203 550 279 646 jam
295 560 525 636 senescente,
535 546 641 642 cujus
657 546 838 645 pleraque
851 548 1063 648 sanguifera

58 692 163 756 vasa,
193 663 263 738 sub
294 663 409 736 finem
429 678 621 736 anatomes
641 687 754 761 quam
771 662 922 762 publice
945 667 1062 742 habui

61 811 159 857 anno
174 809 278 882 1729,
287 781 487 880 diligenter
497 795 695 870 scrutatus,
703 779 987 859 vertebralem
961 788 1063 860 smis-

61 918 155 975 tram
193 902 370 973 arteriam
389 901 497 972 i-nter
514 881 729 970 carotidem
761 914 798 971 et
835 901 1062 977 subclaviam

63 1021 139 1117 ejus
158 1019 287 1091 lateris
299 1043 349 1090 ex
367 1019 451 1116 ipso
469 1041 561 1088 arcu
579 1041 721 1115 magnae
742 1019 884 1090 arteria
903 1043 1064 1094 nascen-

63 1153 133 1208 tem
145 1137 235 1208 vidi.
258 1140 306 1206 In
321 1134 387 1207 illo
403 1135 630 1233 pulmonum
649 1133 742 1207 alter
759 1135 967 1234 tophaceus
979 1137 1064 1230 fuit,

62 1254 182 1327 cordi-s
197 1253 575 1326 autem-ventriculus
592 1251 739 1343 dexter,
756 1267 793 1326 et
811 1277 957 1328 annexa
967 1259 1063 1329 auri·

68 1373 145 1445 cula
160 1370 301 1461 firmis,
321 1386 358 1444 et
373 1371 414 1444 in
431 1371 595 1470 speciem
609 1372 749 1460 carnei,
769 1371 962 1471 polyposis
976 1400 1064 1448 con-

66 1489 455 1563 cretionibusomnino
465 1487 618 1587 repleta,
629 1511 715 1559 cum
726 1489 875 1562 sinistra
883 1492 1064 1584 auricula,

66 1609 253 1706 magisque
269 1604 502 1679 ventriculus
512 1605 568 1676 nil
585 1603 663 1678 fere
682 1605 755 1677 nisi
772 1621 895 1678 atrum
913 1611 1065 1708 sangui-

69 1751 146 1798 nem
169 1727 488 1800 semiconcretum
519 1720 723 1810 haberent3
755 1723 932 1821 itemque
957 1743 1066 1801 erant

71 1846 242 1942 sanguine
253 1866 358 1915 venae
374 1863 508 1932 omnes
524 1843 684 1910 maxime
702 1837 886 1929 distenta,
902 1865 988 1912 cum
1004 1868 1064 1914 ar-

71 1962 157 2032 teriae
171 1985 247 2060 pro
258 1974 406 2032 staturae
421 1954 536 2028 modo
548 1958 817 2028 contractiores
831 1955 1063 2051 viderentur,

74 2101 191 2178 magna
212 2093 341 2150 autern
358 2075 407 2147 ad
428 2067 671 2174 partitionem
689 2075 728 2146 in
747 2075 891 2166 iliacas,
918 2090 955 2148 et
972 2073 1063 2149 infe-

63 2195 140 2268 ·rius
161 2197 225 2270 hic
244 2194 321 2268 illic
342 2218 465 2268 osseas
490 2193 655 2266 lamellas
683 2194 919 2283 ostenderet;
951 2221 1064 2295 supra

77 2331 151 2384 vero
166 2314 265 2388 nihil
286 2337 446 2412 usquam
464 2311 693 2408 hujusmodi.
714 2312 786 2384 Sed
806 2328 848 2384 ut
865 2313 963 2402 dixi,
981 2339 1064 2412 quae

78 2429 186 2506 rivers
213 2446 431 2532 pateretur,
458 2445 495 2502 et
518 2454 596 2527 quo
619 2455 669 2502 ex·
685 2429 820 2502 morbo
844 2432 1064 2523 interiisset,

78 2545 241 2643 ignoravi.
264 2553 411 2622 Interea
432 2573 480 2622 ne
497 2549 659 2647 graviter
675 2547 769 2622 feras
786 2549 891 2647 quod
909 2551 1063 2648 paucio-

79 2664 296 2743 reslortasse
317 2691 428 2765 quam
448 2681 682 2764 expectares,
705 2665 765 2740 his
780 2669 819 2738 in
844 2669 976 2740 litteris
993 2667 1063 2740 ob-

81 2788 290 2858 servationes
316 2784 515 2872 Valsalvae,
546 2797 583 2856 et
611 2797 758 2856 nostras
788 2784 1064 2882 produximus3

81 2895 240 2990 plurimas
259 2904 299 2974 in
319 2901 500 3002 proximis
518 2897 686 2974 habebis.
708 2899 809 2974 Vale.
