2812 4660
150 441 220 487 tm.
247 439 286 486 11.
315 439 361 484 nn
390 432 526 484 nosris
551 433 743 500 rnonscrs,
770 438 883 487 arusr.
910 438 999 485 xvu.
1028 413 1097 486 365

84 551 277 638 uibratus,
295 564 331 620 et
354 549 558 619 renitentes
576 547 828 644 perciperem,
849 551 888 619 in
913 550 1011 620 collo
1033 575 1099 620 au-

92 683 173 739 tem
188 669 367 738 micantes
384 662 567 734 carotides
579 665 732 734 arterias
748 679 973 761 spectarem,
992 667 1099 737 sinis-

92 799 192 855 tram
211 783 434 880 praesertim‚
456 803 538 875 quae
557 777 658 848 haud
674 777 875 875 proculab
889 781 1044 878 larynge
1059 783 1099 851 in

93 924 320 996 aneurysma
341 894 603 983 extuberabat,
622 921 773 991 aequans
794 921 932 968 nucem
949 899 1099 996 juglan-

95 1017 206 1104 dem;
224 1017 394 1114 quaesivi,
411 1037 562 1102 recens,
581 1033 631 1082 an'
651 1029 757 1085 vetus
774 1013 813 1084 id
832 1030 944 1104 esset,
967 1031 1004 1086 et
1021 1014 1100 1086 haec

94 1159 181 1231 quae
198 1131 372 1221 referam,
392 1131 527 1202 audivi.
546 1133 642 1201 Ante
661 1155 798 1202 novem
814 1156 933 1203 annos
953 1157 1038 1202 cum
1060 1157 1099 1204 se

92 1251 258 1322 biduum
275 1247 430 1320 assiduis
454 1245 665 1334 laboribus,
689 1273 765 1318 uon
786 1250 864 1320 sine
881 1251 996 1322 totius
1014 1274 1099 1320 cor-

94 1369 201 1466 poris
216 1367 474 1454 contentione,
488 1363 693 1462 fatigasset,
708 1390 750 1435 ea
763 1391 845 1462 quae
855 1368 894 1436 in
908 1368 1006 1438 collo
1019 1369 1099 1438 ani-

94 1484 383 1570 madverterem,
397 1482 531 1554 oborta
542 1506 631 1553 esse.
642 1483 731 1570 Quoe
746 1506 831 1552 cum
844 1483 998 1554 medicis
1010 1483 1099 1554 duo-

94 1602 171 1672 bus
199 1627 278 1672 non
300 1600 532 1700 ignobilibus
558 1599 801 1685 ostendisset,
832 1614 1036 1696 utrumque
1060 1601 1100 1671 id

95 1718 204 1817 quod
245 1719 397 1789 evidens
426 1731 525 1804 erat,
557 1738 780 1810 aneurysma
814 1739 904 1813 esse
928 1740 1100 1812 pronun-

96 1840 233 1925 ciasse,
255 1836 318 1908 scd
338 1838 451 1906 alium
470 1833 573 1905 aliud
596 1832 795 1903 consilium
823 1831 978 1904 dedisse.
1001 1834 1101 1905 Alte-

96 1979 186 2027 rum
205 1956 324 2043 enim,
338 1968 381 2024 ut
402 1952 623 2050 sanguinem
642 1950 806 2020 mitteret
825 1950 977 2022 alternis
994 1975 1101 2021 men·

97 2070 222 2160 sibus,
246 2070 513 2169 imperavisse:
539 2067 714 2154 alterum,
739 2067 961 2162 ne'sanguis
978 2067 1101 2138 mitte-

96 2205 222 2276 retur,
244 2189 310 2260 sed
322 2188 449 2284 potius
464 2199 508 2255 ut
522 2183 614 2255 cibis
629 2205 740 2280 parce
758 2197 944 2270 uteretur,
958 2184 1103 2281 aliaque

96 2305 136 2376 id
156 2329 277 2404 genus
295 2303 533 2401 praecepisse,
549 2302 695 2373 ratione
712 2299 782 2370 hac
803 2299 948 2389 addita,
966 2316 1102 2372 notum

97 2423 171 2495 sibi
189 2421 301 2494 fuisse
318 2420 528 2507 hominem,
553 2419 614 2490 cui
638 2417 728 2488 dum
749 2419 897 2515 sanguis
921 2443 966 2488 ex
986 2420 1103 2492 incisa

97 2565 196 2613 vena
217 2537 406 2627 efflueret,
427 2561 649 2635 aneurysma
666 2561 711 2606 eo
730 2537 812 2632 ipso
837 2551 1008 2634 tempore
1027 2536 1104 2610 dis·

97 2671 256 2754 ruptum
275 2669 370 2727 esset
393 2679 401 2724 :
419 2653 523 2752 quod
539 2655 614 2726 sive
635 2677 723 2725 casu
740 2651 877 2724 factum
893 2669 964 2750 est,
976 2641 1102 2727 'nimis

97 2773 273 2844 videlicet
288 2773 365 2867 jam
394 2773 617 2860 extenuatis,
644 2786 681 2840 et
706 2772 928 2843 semilaceris
952 2773 1103 2870 parieti-

99 2891 175 2962 bus
187 2889 454 2986 aneurysmatis
466 2904 624 2985 ruptura
639 2911 709 2985 per
725 2913 764 2957 se
778 2889 1012 2975 imminente,
1028 2890 1103 2960 sive

40 3100 43 3108 r
100 3007 181 3078 haec
204 3006 399 3103 paululum
427 3005 630 3076 accelerata
653 3002 806 3075 fortasse
828 3020 901 3092 est,
927 3003 1104 3074 nonnihil

100 3136 231 3210 auctu,
256 3121 348 3193 dum
372 3124 521 3218 sanguis
547 3147 567 3193 e
592 3145 687 3190 vena
703 3118 887 3206 efflueret,
909 3120 1046 3216 reliqui
1062 3121 1103 3190 in

101 3239 289 3337 ejusmodi
300 3239 460 3337 parietes
473 3238 664 3336 sanguinis
676 3239 841 3333 impetu;
854 3235 941 3306 addi
951 3236 1104 3333 quidem

102 3357 180 3428 hoc
196 3371 320 3455 potest
337 3356 383 3426 ad
407 3369 556 3426 caeteras
573 3377 721 3443 causas,
743 3379 809 3424 cur
828 3369 995 3425 extremo
1012 3369 1105 3426 tem·
1155 3373 1160 3386 ⁵

102 3498 217 3572 pore,
235 3489 300 3546 aut
317 3497 402 3544 cum
418 3488 583 3570 rupturae
596 3473 672 3567 jam
689 3473 765 3567 jam
785 3472 956 3544 instantis
968 3472 1106 3545 indicia

104 3607 210 3679 sunt,
235 3590 331 3662 nihil
355 3616 377 3661 a
396 3589 544 3662 medico
569 3590 798 3661 movendum
821 3591 884 3679 sit,
903 3593 1107 3688 praesertim

104 3731 207 3796 cum,
216 3706 686 3804 praeterBallonianum(1)‚
704 3706 972 3780 alterumhaud
981 3712 1030 3780 ita
1041 3708 1108 3778 ab·

146 3970 192 4051 (1)
212 3971 280 4031 vid.
298 3992 329 4030 n.
347 3991 407 4050 seq.
424 3971 518 4030 infin.
