2766 4670
212 401 283 458 nn.
310 409 335 456 ι.
364 407 410 456 nn
437 406 892 472 nronnrscsr1r1s,nr1sr.
920 407 993 454 xiv.
1053 385 1122 461 133

110 537 310 612 netrante,
330 522 440 596 simul
455 545 688 623 proponam,
712 521 824 594 simul
838 522 922 618 jure
941 547 984 594 ac
1007 527 1121 595 meri·
1154 609 1155 612 Ἴ

108 655 153 714 to
170 643 388 738 rejiciatur3
410 641 525 712 altera
551 653 677 712 autem
709 638 756 710 de
775 639 915 736 pistore
941 640 1140 738 suburrae?

109 783 166 830 no
184 774 370 858 tanquam
391 772 492 830 certa
518 756 756 844 exhibeatur,
772 757 852 845 cui,
869 781 952 827 cum
969 763 1121 846 vicesies

109 892 251 973 quater
266 890 511 947 sternutnsset
530 879 721 961 continue,
741 873 937 945 succedens
945 882 1121 973 proxime

110 1007 448 1064 sternutamentum
470 989 514 1063 25
531 995 646 1062 exitio
659 993 760 1083 fuit,
780 991 954 1090 disruptis
974 997 1121 1063 arteriis
1222 1047 1225 1052 -

109 1123 152 1180 et
188 1111 413 1181 membranis
441 1109 629 1180 cerebrum
662 1111 1035 1205 circumcingentibus.
1063 1113 1119 1182 De

108 1227 261 1325 magnis
286 1251 309 1298 a
324 1226 597 1299 sternutatione
617 1225 854 1299 detrimentis
872 1226 1049 1324 equidem
1064 1228 1119 1326 ip·

109 1356 249 1416 senon
269 1342 425 1432 dubito,
451 1369 533 1441 quae
550 1342 703 1415 medicae
727 1357 910 1418 testantur
933 1343 1116 1418 historiae:

108 1463 207 1560 quin
240 1462 352 1533 etiam
373 1463 408 1558 si
417 1459 464 1534 ab
487 1487 529 1534 ea
546 1461 640 1534 velis
656 1461 697 1532 in
719 1462 861 1561 pistore
879 1462 945 1534 illo
969 1463 1121 1535 vascula

110 1578 263 1652 cerebri
280 1578 451 1677 disrupta
471 1603 570 1667 esse,
583 1581 668 1651 non
682 1595 922 1679 secus'atque
946 1581 986 1652 in
1005 1581 1119 1653 vidua

109 1696 159 1768 de
183 1721 262 1794 qua
284 1695 399 1795 paulo
425 1711 511 1767 ante
537 1695 606 1794 (1)
624 1696 767 1769 dictum
794 1713 864 1786 est,
894 1699 934 1768 in
964 1700 1118 1772 narium

108 1817 241 1911 tunica
256 1830 384 1913 aperta
399 1811 567 1904 inerant3
589 1839 669 1886 non
690 1813 798 1885 valde
810 1813 1042 1912 repugnabo.
1068 1816 1117 1886 Il·

109 1931 176 2004 lnd
197 1932 357 2004 dubium
384 1947 460 2021 est,
478 1957 526 2003 an
544 1930 690 2005 cerebri
705 1955 810 2021 vasa,
832 1945 869 2002 et
888 1930 1116 2004 membranae

109 2075 243 2124 revera
270 2051 310 2122 in
346 2075 391 2122 eo
423 2051 565 2148 pistore
594 2048 770 2148 disruptas
799 2049 882 2121 sint.
919 2050 1118 2122 Famianus

111 2168 214 2240 enim
225 2167 366 2256 strada,
377 2193 444 2267 qur
434 2166 730 2240 observationis
743 2168 850 2264 quasi
860 2168 964 2238 testis
978 2167 1118 2282 produ·

111 2287 230 2372 citur,
249 2287 288 2356 in
316 2311 358 2358 ea
393 2286 613 2384 prolusione
648 2309 729 2383 quae
753 2284 971 2357 inscribitur
991 2291 1118 2383 pistor

109 2405 340 2475 suburranus
364 2403 401 2501 (n
382 2403 436 2502 n‚)
455 2401 552 2474 nihil
570 2417 756 2502 qnantum
775 2426 846 2500 ego
863 2403 1029 2500 reperire
1048 2427 1116 2500 po·
1176 2417 1178 2424 ’

110 2523 182 2610 tui,
201 2521 249 2593 de
264 2546 309 2593 eo
326 2520 459 2610 habet,
481 2521 553 2593 nisi
573 2519 734 2593 relatum
757 2519 846 2608 sibi,
866 2525 1117 2618 postec'qucm

110 2653 166 2709 ter
181 2663 230 2710 oc
247 2644 361 2712 vicies
385 2643 590 2710 continenti
609 2645 742 2736 spiritu
759 2644 988 2726 sternuisset‚
1011 2644 1114 2736 vige·
1191 2695 1192 2700 η

110 2761 203 2828 simo
223 2772 360 2854 quarto
381 2735 671 2830 sternutamento
693 2761 858 2826 ominum
877 2756 1045 2846 eflimse5
1068 2755 1115 2828 de

112 2898 223 2947 causa
246 2890 371 2968 nutem
398 2876 530 2946 mortis
554 2874 702 2962 intima,
729 2870 870 2944 nedum
897 2871 943 2943 de
969 2872 1117 2946 cerebri

111 2991 367 3091 inspectione,
388 3016 437 3063 ne
455 2989 615 3063 verbum
639 2988 806 3089 quidem.
826 2989 912 3060 Sine
925 2988 998 3060 hac
1010 3011 1117 3076 vern,

111 3108 151 3180 in
165 3108 353 3205 ejusmodi
367 3108 595 3206 conjecturis
609 3133 722 3207 quam
735 3107 900 3205 proclive
910 3107 960 3177 -sit
976 3105 1115 3204 decipi,

113 3225 281 3322 subjecte
291 3225 697 3312 observatioostendet,
707 3224 754 3295 ab
765 3223 916 3295 duobus
926 3247 1004 3294 non
1014 3225 1117 3321 igno·

112 3342 254 3418 bilibus
269 3328 424 3416 medicis
438 3346 585 3432 Salano,
606 3359 643 3414 et
660 3344 805 3441 Bigatto
822 3341 1013 3431 Bononiae,
1030 3366 1132 3424 curn
1161 3327 1164 3332 ¹

114 3461 167 3534 ibi
174 3485 315 3551 essem,
332 3461 461 3533 habita
472 3462 542 3534 sub
561 3459 676 3555 finem
690 3461 779 3532 anni
805 3457 907 3557 1705.

163 3606 219 3678 27.
238 3581 307 3653 Vir
318 3581 514 3679 patricius,
527 3603 649 3652 ,annos
667 3594 778 3654 natus
795 3579 943 3650 circiter
958 3575 1117 3674 quadra-

237 3759 239 3762 ,

156 3862 316 3940 (1)N.25.

156 3962 198 4044 (n)
218 3968 254 4024 L.
273 3966 311 4037 3,
324 3967 441 4024 Prolus
458 3973 484 4030 4,
