2750 4658
309 423 384 500 260
477 447 524 494 aa
550 444 695 495 sunteas
720 447 765 494 ur
789 445 914 496 causis
938 448 1149 498 uonaonuu

277 567 280 576 '
305 561 427 634 diaeta
444 564 590 644 narrar.
610 558 743 648 Vides,
761 573 804 632 ut
823 561 1062 634 vetustissimi
1078 561 1133 632 illi
1154 561 1298 652 medici,

307 702 406 776 quos
431 675 532 748 nihil.
551 677 598 750 de
621 677 681 750 his
708 675 890 777 hydropis
912 679 1108 777 speciebus
1127 682 1297 778 attigisse,

307 795 487 886 nonnulli
503 805 656 890 putant,
672 815 760 862 cum
773 789 943 879 morbos,
957 808 994 864 et
1008 794 1231 868 morborum
1243 799 1299 868 ori·

306 911 465 1012 ginesio
480 907 680 978 hominum
696 905 941 980 cadaveribus
953 912 1145 982 scrutandi
1163 916 1296 1013 copiam

307 1053 388 1105 non
406 1024 611 1110 haberent,
631 1023 671 1092 in
689 1019 817 1095 hestiis
833 1025 1087 1122 inquirerent,
1114 1055 1160 1102 ex
1181 1033 1226 1102 iis
1242 1055 1296 1102 au-

303 1159 384 1218 tem
404 1165 486 1240 quae
509 1141 550 1211 in
575 1137 635 1210 his
655 1136 847 1227 viderent,
871 1144 1052 1240 sagaciter
1073 1147 1296 1241 conjecturas

305 1260 353 1334 ad
369 1258 579 1330 humanum
600 1280 718 1352 genus
740 1255 933 1329 ducerent.
954 1260 1094 1332 Similia
1116 1261 1295 1362 hodieque

304 1378 345 1448 iu
368 1355 512 1463 hobus,
531 1387 569 1446 et
596 1371 729 1444 ovibus
753 1373 920 1474 conspici
947 1377 1211 1476 pervulgatum
1232 1397 1294 1469 est,

305 1508 342 1566 et
361 1490 751 1588 Williuspraesertim,
771 1513 813 1560 ac
833 1491 1011 1564 Willisius
1027 1495 1101 1565 suis
1120 1496 1161 1565 in
1182 1497 1294 1595 Sepul·
1318 1527 1323 1536 ·

303 1609 477 1684 chretum
496 1605 550 1704 (1)
565 1606 691 1679 relatis
707 1604 1034 1682 observationibus
1055 1610 1291 1689 confirmant:

301 1729 424 1802 insue
450 1739 599 1812 autem,
625 1725 854 1821 caeteroquin
875 1749 986 1815 sano;
1005 1741 1047 1798 ut
1060 1743 1195 1801 caetera
1210 1731 1291 1827 ejus-

299 1843 528 1918 cemod'rhic
545 1840 734 1929 omittam,
753 1865 846 1912 ame
856 1842 896 1913 in
906 1841 1056 1933 bestiis,
1071 1844 1292 1920 hominibus

297 1987 376 2060 que
391 1974 610 2060 conspecta3
628 1956 846 2055 hydatidem
860 1960 996 2034 vidisse
1020 1965 1200 2054 memini,
1223 1989 1291 2064 qua

216 2112 218 2115 ’
297 2080 487 2152 minorem
506 2078 563 2150 sui
582 2092 727 2176 partem
746 2079 786 2148 in
811 2077 1003 2176 pulmonis
1021 2080 1223 2179 superficie
1246 2107 1291 2154 os·

296 2196 477 2285 tendens,
501 2195 660 2268 interius
678 2193 774 2266 adeo
793 2218 831 2268 se
849 2194 1119 2294 amplificabat,
1137 2216 1289 2300 utaque

295 2313 460 2412 limpidae
479 2311 609 2384 uncias
623 2312 768 2410 aliquot
784 2314 1006 2386 contineret.
1027 2315 1100 2386 Sed
1122 2317 1164 2388 in
1181 2318 1289 2392 homi·

295 2431 408 2504 nibus
424 2445 467 2502 ut
481 2429 669 2526 Fallopius
680 2430 720 2500 in
734 2431 865 2526 primis
878 2428 1031 2506 effusam
1046 2457 1189 2531 aquam,
1199 2435 1289 2525 vidit,

295 2548 349 2622 sic
367 2545 678 2646 ejusdiseipulus
698 2549 869 2620 Coiterus
892 2548 947 2646 (a)
972 2550 1083 2638 etiam
1100 2549 1289 2648 hydatides

294 2679 424 2766 postea
438 2661 698 2763 deprehendit,
711 2667 913 2763 Postquam
926 2667 1026 2739 enim
1042 2691 1080 2741 se
1088 2669 1285 2756 multoties,

294 2783 407 2870 dixit,
424 2780 490 2854 vel
505 2795 701 2878 utramque
707 2787 874 2878 pectoris,
887 2790 1106 2888 caritatem,
1125 2787 1193 2870 vel
1205 2785 1286 2858 alte-

291 2926 374 2974 ram
394 2923 499 2998 aqua
516 2897 676 2996 plenam
700 2899 908 2986 invenisse,
936 2899 1034 2971 ande
1058 2907 1288 3003 caer'ppo

293 3031 413 3090 crates
423 3038 588 3088 asserere
605 3013 732 3100 liceat,
749 3018 787 3086 in
794 3030 950 3112 pectore
965 3015 1174 3115 hydropem
1182 3021 1287 3114 fleri,-

289 3135 368 3208 duo
385 3133 537 3232 subjicit
552 3132 742 3230 exempla,
760 3131 920 3206 alterum
933 3131 1156 3232 professoris
1169 3141 1285 3207 Bono·

157 3279 159 3288 ’
231 3263 235 3268 “
286 3254 573 3348 niensis,quem
587 3250 765 3348 precibus
779 3250 963 3329 adductus
978 3256 1286 3358 HieronymiCar·

289 3369 397 3457 dani,
417 3371 476 3442 sui
492 3368 772 3460 studiosissimi,
793 3370 986 3461 dissecuit,
1001 3371 1160 3444 alterum
1183 3373 1286 3470 virgi·

287 3488 372 3558 nis:
393 3487 434 3556 in
455 3510 620 3583 quorum
644 3485 710 3556 illo
733 3485 930 3584 hydatides
949 3490 1094 3561 invenit
1114 3487 1283 3561 omnihus

284 3601 645 3684 ventrisvisceribus
662 3602 894 3677 adhaerentes
905 3603 965 3694 ,in
981 3603 1156 3680 haerere
1169 3629 1281 3688 unam

292 3727 1283 3802 ....-------l.-....-

323 3884 368 3962 (1)
388 3887 423 3946 L.
437 3901 470 3954 a,
485 3901 509 3938 s.
525 3902 555 3955 1,
568 3883 632 3940 obs.
652 3881 707 3942 135
719 3893 750 3942 et
763 3883 864 3944 Schol.
880 3883 920 3944 ad
931 3837 997 3944 obs.
1010 3881 1059 3959 75.

287 4023 288 4026 κ
324 3982 368 4066 l)
388 3982 461 4044 Obs·
474 3984 564 4041 Anat.
