2812 4660
143 427 202 474 ua.
229 429 266 475 u.
295 431 340 476 uu
367 428 502 474 mortuis
527 429 719 491 ruoracrs,
744 431 854 477 urrsr.
882 432 983 478 xvrn.
1013 407 1083 507 393

100 553 138 612 erl
152 540 293 614 dextera
312 543 480 613 auricula
501 556 537 612 et
550 543 759 620 ventriculo
775 569 848 614 una
868 542 963 615 facta
976 547 1085 645 insig-

99 658 150 728 nis
161 661 290 731 cavitas
302 659 536 758 deprehensa
551 675 623 747 est,
641 663 679 730 in
696 661 777 746 illa,
794 659 981 734 orificium
999 666 1087 733 utri·

101 800 165 870 que
180 778 461 876 interpositum,
477 779 691 848 mirandum
707 780 744 848 in
758 779 911 850 modum
926 797 1086 851 eratam·

98 891 303 987 plificatutu.
327 897 470 966 Deinde
492 898 522 968 si
547 897 586 966 in
613 896 682 966 hac
715 897 898 968 ourt'culoe
919 904 1088 996 parietes

98 1027 194 1082 erunt
211 993 345 1100 crassi,
366 1013 454 1086 duri
472 1030 509 1084 et
521 1013 670 1098 callosi,
688 1029 724 1084 et
739 1022 888 1097 interius
902 1016 1088 1114 cortilagi-

97 1135 171 1198 nori
179 1158 191 1216 ‚·
205 1132 242 1202 iu
264 1133 347 1219 illa,
362 1133 535 1202 auriculae
553 1132 772 1205 membrana
788 1135 958 1224 iuterna,
983 1159 1088 1206 ossea

97 1268 360 1346 squamosaque
393 1249 613 1340 substantia,
647 1251 759 1322 simili
789 1251 994 1324 durissimae
1027 1253 1088 1323 ovi

95 1376 201 1455 testae,
218 1368 382 1440 obducta
403 1385 491 1440 erat.
503 1372 592 1459 Quae
608 1394 694 1439 cum
710 1371 759 1439 ita
775 1385 914 1458 essent,
929 1368 1035 1444 facile
1048 1373 1087 1440 in

95 1465 246 1583 utroque
262 1513 361 1586 aegro
372 1488 604 1584 jugularium
623 1511 804 1558 venarum
827 1488 987 1583 pulsatio
1009 1486 1088 1560 fue·

96 1599 137 1670 rit
151 1621 307 1702 propter
324 1605 424 1674 illam
442 1619 583 1675 tantam
596 1606 727 1700 sapius
743 1606 941 1674 memorati
956 1605 1090 1675 orificii

72 1771 73 1774 ,
95 1721 441 1816 amplificationem
462 1721 582 1791 sedin
598 1735 735 1792 neutro
762 1735 861 1791 certe
882 1719 952 1790 fuit
971 1720 1017 1790 ab
1037 1722 1091 1791 al-

95 1841 202 1912 ternis
215 1839 542 1912 contractionibus
561 1838 736 1909 auricula:
753 1837 926 1926 dexterae,
948 1853 989 1910 ut
1009 1863 1091 1936 quac

93 1955 314 2048 prohibente
334 1973 457 2030 crusta
477 1959 624 2028 interna
644 1957 720 2027 sive
736 1955 995 2054 cartilaginea,
1016 1958 1091 2028 sive

95 2094 214 2163 ossea,
238 2078 394 2173 ipsaque
416 2076 545 2170 hujus,
565 2089 629 2144 aut
650 2073 835 2171 parietum
857 2073 1091 2169 reliquorum

93 2185 242 2279 duritie,
258 2193 483 2264 contrahere
499 2217 535 2263 se
551 2217 629 2261 uon
643 2205 809 2289 poterat,
824 2189 888 2260 sed
902 2189 1041 2288 rigida,
1057 2206 1093 2260 et

92 2303 263 2378 inflexilis
277 2311 316 2378 in
333 2324 516 2408 perpetua
529 2292 746 2380 dilatatione
755 2305 1009 2406 permanebat.
1021 2309 1094 2404 Igi-

92 2436 151 2494 tur
172 2449 259 2496 cum
275 2427 315 2496 in
337 2427 416 2515 his,
438 2427 687 2525 pluribusque
706 2426 786 2498 aliis
807 2425 976 2513 casibus,
996 2441 1032 2498 et
1054 2427 1094 2496 in

92 2540 154 2612 illo
172 2545 378 2640 praesertim
394 2600 403 2631 ,
421 2547 460 2614 in
476 2570 553 2642 quo
568 2547 581 2641 l
591 2547 622 2642 ι)
634 2547 695 2616 vix
708 2559 930 2643 supererant
941 2544 1095 2642 vestigia

93 2658 266 2732 auriculae
285 2661 462 2748 dexterae,
480 2689 522 2734 ea
541 2663 701 2761 pulsatio
716 2687 735 2732 a
751 2662 963 2734 ventriculo
987 2687 1095 2762 repe·
1172 2726 1174 2729 ,

94 2776 204 2846 tenda
224 2780 288 2868 sit,
310 2781 442 2877 quaein
457 2776 542 2852 'aliis
565 2780 757 2851 nonnullis
772 2779 818 2850 ab
832 2779 1000 2850 auricula
1017 2804 1095 2851 esse

96 2909 236 2988 potest3
264 2898 294 2968 si
318 2895 413 2968 forte
433 2899 567 2994 quaeris
587 2924 661 2994 qua
680 2898 789 2968 liceat
810 2899 956 2967 ratione
979 2898 1096 2966 inter-

97 3033 266 3103 noscere,
282 3014 329 3086 ab
344 3030 430 3085 utro
446 3009 635 3086 sit‘eorum
650 3039 848 3099 cavorum3
866 3013 978 3084 licere
995 3028 1097 3098 tunc,

100 3123 236 3220 dicam,
253 3130 320 3227 ubi
337 3132 450 3230 paulo
464 3133 589 3202 minus
601 3129 865 3227 frequentibus
877 3128 1011 3199 ictibus
1021 3128 1097 3223 jam

98 3245 235 3320 micant
250 3263 330 3320 tum
346 3250 507 3336 emerim,
523 3264 604 3318 tum
615 3249 808 3346 jugulares
824 3271 936 3318 venae.
951 3247 988 3315 Si
998 3247 1098 3316 enim
1178 3331 1181 3340 ,
1255 3318 1258 3327 ,

100 3359 232 3436 obtutu
251 3367 362 3438 simul
378 3367 417 3436 in
435 3365 493 3438 his
507 3364 597 3453 lixo,
617 3365 726 3436 simul
744 3365 867 3463 digitis
880 3363 1021 3434 arteriae
1035 3380 1099 3436 aut

100 3489 330 3578 temporum,
351 3499 414 3556 aut
437 3485 540 3581 carpi
554 3482 732 3571 admotiS,
757 3482 949 3555 evidenter
969 3507 1098 3552 cernes

102 3597 232 3670 eodem
252 3604 433 3700 temporis
450 3617 593 3700 puncto
621 3626 734 3674 venas
758 3602 838 3673 illas
865 3626 903 3673 se
930 3599 1101 3683 attollere
1159 3701 1161 3706 ι
1259 3625 1260 3628 ’

100 3811 1096 3839 ΜΝ

140 3966 183 4046 (1)
204 3974 320 4050 Supra,
335 3996 363 4032 n.
379 3997 407 4052 9.
437 4062 439 4066 ,
