2766 4670
26 4187 29 4266 v

146 489 214 540 rna.
243 492 268 538 r.
297 491 344 537 rr
370 486 507 536 notans
531 437 687 552 carnis,
712 485 823 534 nrrsr.
850 485 923 534 x1v.
979 463 1046 553 145
1152 449 1155 455 ¹

43 603 201 680 videbis
226 601 392 676 Medium
415 600 517 672 illam
539 623 618 674 esse
641 597 815 672 affectum
839 602 938 676 inter
956 626 1054 700 apo··

46 725 209 825 plexiam
239 735 277 793 et
302 718 542 817 epilepsiam,
557 718 606 808 in
631 741 673 790 ea
697 718 903 816 appendice
932 719 1048 818 leges3

48 839 153 939 quod
171 840 252 912 sine
270 860 381 910 sensu
400 834 576 932 quidem,
602 848 638 905 et
659 835 738 906 sine
751 859 844 906 voce
861 861 957 934 aeger
980 839 1048 929 sit,

48 983 129 1030 non
141 972 268 1028 tamen
277 957 358 1026 sine
370 967 477 1026 motu
486 1005 496 1040 ,
506 974 577 1024 nec
591 976 678 1023 cum
690 954 951 1051 agitationibus
961 981 1051 1030 con-

48 1075 227 1148 vulsivis:
253 1095 361 1170 posse
376 1070 569 1142 interdum
591 1095 662 1169 pro
679 1095 796 1144 causae
814 1072 1051 1148 vehementia

50 1193 92 1262 in
111 1187 348 1289 apoplexiam
368 1187 622 1285 degenerare:
645 1201 681 1260 et
699 1182 774 1258 huc
795 1213 876 1260 eam
897 1215 1052 1289 quoque

51 1307 256 1405 aphoniam
268 1305 441 1392 attinere,
456 1303 504 1376 de
520 1293 596 1402 qua
609 1306 846 1403 Hippocratis
866 1321 921 1379 est
933 1307 1053 1405 apho-

51 1425 189 1496 rismus
204 1421 259 1519 (1)
273 1449 282 1491 ε
298 1426 335 1492 si
349 1423 470 1493 ebrius
514 1427 673 1520 uispiam
690 1439 840 1521 repente
858 1429 1057 1521 antestat,

54 1539 250 1612 convulsus
265 1544 440 1642 moritur,
460 1445 646 1630 nisstsebre
653 1546 897 1638 corripiatur,
913 1545 1063 1614 autnbi·

53 1657 108 1728 ad
122 1657 261 1728 horam
269 1660 483 1752 pervenerit
493 1679 569 1752 qua
580 1656 747 1755 crapulae
759 1657 970 1747 solvuntur,
986 1685 1062 1733 vo-.

55 1797 130 1846 cem
145 1787 357 1874 recuperes:
369 1771 535 1867 denique
548 1777 641 1842 oriri
652 1771 854 1869 aphoniam
869 1772 1059 1866 hancflrre

54 1915 79 1960 a
101 1913 284 1962 consensu
302 1895 471 1987 pertram
490 1889 737 1980 infimarum,
757 1905 952 1987 etvapore
965 1916 1059 1962 nar-

56 2013 173 2079 cotico
192 2013 344 2107 spiritus
365 2004 546 2080 annates
573 2009 611 2074 in
637 2007 783 2078 cerebro
807 2012 974 2106 sopiente
995 2033 1060 2080 seu

49 2125 308 2223 perturbante.
318 2129 403 2197 Non
423 2126 546 2196 minus
569 2138 693 2197 autem
711 2138 810 2198 recte
823 2126 1061 2220 interjectum

58 2240 120 2316 hic
140 2241 255 2316 fuisse
274 2240 374 2314 istud
378 2243 483 2334 fere,
504 2265 616 2339 quam
632 2266 654 2312 a
670 2242 778 2314 Celso
793 2239 957 2314 fueritin
970 2267 1060 2340 pro-

58 2361 172 2459 positi
188 2359 396 2458 aphorismi
412 2361 603 2447 versione,
622 2374 770 2448 rostra,
782 2384 864 2456 quae
877 2361 1067 2431 continuo.

61 2475 483 2574 subjicietur,ostendet
494 2475 717 2548 observatio.
730 2475 827 2551 Celsi
838 2491 962 2550 autem
979 2502 1062 2549 ver·
1134 2459 1137 2464 ⁵

60 2596 114 2666 sio
131 2597 185 2666 sic
202 2591 317 2674 habet
328 2591 402 2689 (a):
421 2598 487 2689 qui
496 2595 618 2664 ebrius
630 2594 833 2682 obmutuit,
844 2596 968 2684 essere
979 2619 1063 2665 ner·

62 2735 191 2784 vorum
207 2709 425 2781 distentione
442 2715 687 2796 consuantur,
706 2715 779 2780 nisi
794 2712 989 2802 antjiebris
1005 2735 1065 2782 ac·

61 2834 189 2918 cessit,
210 2843 338 2899 anteo
360 2841 542 2925 tempore,
562 2851 637 2923 quo
652 2829 809 2898 ebrietas
825 2825 920 2900 solvi
934 2827 1063 2918 debet,

63 2945 168 3046 loqui
182 2951 304 3044 coepit.

109 3062 170 3137 35.
205 3061 418 3161 Agricolam
447 3062 545 3132 virili
571 3075 693 3150 atate,
723 3063 883 3159 strigoso
913 3060 1069 3152 habitu,

63 3177 165 3254 fiasca
180 3178 323 3276 ubique
340 3193 443 3267 cute,
458 3178 604 3250 ebrium
620 3178 784 3276 aphonia
799 3177 1063 3276 prehenderat.

62 3303 106 3370 In
123 3297 389 3370 nosocomium
415 3293 489 3368 hoc
513 3296 739 3385 intulerunt,
764 3296 826 3366 vix
850 3310 963 3393 caput
986 3321 1066 3368 mo-

64 3431 229 3487 ventem.
257 3401 326 3484 lbi'
349 3414 448 3488 intra
482 3428 657 3511 quartum
685 3411 732 3484 ab
760 3412 939 3486 ebrietate
967 3414 1068 3489 diem

65 3532 294 3618 exilissimis‚
322 3545 359 3602 et
384 3528 647 3604 deficientibus
664 3528 850 3628 pulsibus,
873 3555 954 3604 non
978 3557 1069 3608 con-

63 3649 209 3737 vulsus,
230 3646 306 3719 fato
327 3649 444 3719 cessit.
464 3647 630 3720 Cadaver
647 3671 668 3716 a
685 3645 796 3719 nobis
814 3649 853 3718 in
874 3650 1067 3747 gymnasio

103 3935 149 4014 (ι)
173 3935 190 3991 5
218 3946 287 3991 sect.
302 3932 330 3990 ὅ.

105 4032 137 4109 (a
172 4036 218 4090 De
230 4033 340 4092 Medic.
354 4033 375 4090 l.
393 4052 426 4107 a,
441 4052 466 4090 c.
481 4032 510 4089 6.

139 4035 150 4111 )

141 4159 174 4204 α.
