2766 4670
324 378 374 472 94
488 393 535 442 na
561 392 706 443 anninus
731 393 775 441 m
800 391 924 441 causis
950 384 1160 444 nonnosum

326 507 430 582 uude
452 522 489 578 et
515 529 581 580 sua
604 507 753 580 Celsum
779 506 849 603 (1)
871 522 980 580 antea
999 510 1187 608 accepisse
1210 510 1332 583 eredi-

326 623 444 698 dero:
461 649 544 722 quae
560 647 648 696 cum
658 625 704 696 iis
720 621 894 697 conferre
905 626 1217 726 puteris,quibus
1227 653 1331 699 nunc

327 741 440 829 elim,
458 756 495 814 et
514 766 552 814 se
573 767 728 839 quoque
753 735 842 814 usos
866 739 1045 833 feliciter,
1062 743 1203 817 docent
1219 749 1331 818 Boer·

327 859 482 934 haavius
495 861 581 958 (a),
598 876 635 932 et
654 860 947 958 Dethardingius
965 861 1050 959 (3).
1074 861 1146 934 Sed
1164 863 1234 934 etsi
1253 863 1331 935 Cel-

328 1003 393 1052 sus
411 979 466 1072 (Δ)
479 977 646 1048 sordium
666 983 823 1065 coitum,
846 1003 984 1076 easque
1004 979 1122 1052 dama
1140 979 1331 1051 interdum

328 1093 594 1182 emolliendas,
627 1109 664 1165 et
692 1094 896 1166 oriculario
929 1094 1082 1194 specillo
1114 1095 1330 1167 eximendus

329 1213 544 1313 proposuit,
561 1214 640 1311 ipse
655 1227 798 1298 tamen,
816 1227 853 1283 et
869 1215 992 1324 caeteqi
1009 1214 1156 1310 antiqui
1175 1239 1330 1285 conere-

329 1345 390 1404 tos
406 1332 656 1403 exeerumine
680 1332 719 1401 in
742 1330 898 1426 auribus
919 1331 1085 1403 calculos
1100 1327 1206 1402 haud
1227 1354 1329 1404 secus

330 1463 443 1545 atque
456 1475 500 1521 ex
513 1447 587 1519 bile
597 1449 636 1518 in
650 1448 771 1519 vesica
788 1445 903 1537 fellis,
917 1448 1075 1538 diserte,
1094 1449 1331 1546 quemadmu

332 1565 423 1638 dum
441 1567 480 1636 in
501 1566 575 1635 'hac
593 1564 854 1638 observatione
873 1568 1063 1638 Casserius
1084 1582 1235 1656 noster,
1260 1593 1331 1637 me·

331 1707 497 1756 morasse
510 1709 588 1754 ιιοιι
602 1683 787 1755 videntur.
804 1687 983 1756 Necsane
997 1683 1216 1782 frequentes
1237 1699 1329 1770 sunt,

333 1823 421 1872 cum
441 1827 461 1870 a
478 1801 633 1874 Casserii
651 1799 907 1898 temporibus,
938 1803 1005 1899 qui
1028 1806 1238 1872 rarissimos
1256 1823 1328 1872 esse

333 1917 446 2008 dixit,
466 1945 581 1991 unam
603 1945 736 1990 eorum
759 1918 907 1990 videam
926 1918 1051 1990 Garuli
1069 1917 1224 2016 Josephi
1240 1917 1329 1989 Mul·
1374 1927 1375 1996 Ξ

333 2035 403 2110 leri
427 2035 499 2133 (5)
527 2037 827 2110 observationem
850 2060 938 2107 vere
964 2034 1130 2125 laudari,
1161 2061 1276 2133 quam
1303 2049 1333 2105 et

334 2154 414 2252 ipse
431 2153 800 2252 longearbitrabatur
809 2158 1046 2225 rarissimam.
1059 2155 1184 2244 Quin,
1201 2153 1330 2226 Patavii

334 2272 484 2357 saltem,
500 2272 561 2342 vel
577 2272 652 2344 hoe
665 2272 771 2370 quod
787 2271 927 2360 dicam,
945 2297 1072 2343 rarum
1091 2287 1146 2344 est
1156 2295 1328 2344 cerumen

337 2387 523 2460 hactenus
542 2404 762 2462 concretum
780 2391 971 2478 invenire,
988 2404 1034 2462 ut
1049 2405 1208 2462 emeatu
1225 2398 1330 2488 quem

338 2505 516 2602 opplent,
536 2508 772 2597 univeisum‚
788 2510 895 2605 quasi
911 2507 1056 2605 gladius
1071 2532 1091 2579 e
1109 2509 1264 2606 vagina,
1278 2518 1332 2577 aut
1374 2505 1375 2588 i

337 2623 503 2694 turunda
521 2649 542 2695 e
558 2622 701 2713 fistula,
718 2626 928 2698 trahentem
940 2639 1141 2724 sequutum
1161 2627 1234 2698 nisi
1248 2623 1332 2696 forte

338 2757 449 2814 aures
470 2741 662 2834 abluitione
681 2769 791 2818 causa
808 2745 928 2816 sundae
945 2745 1037 2832 sint,
1056 2767 1180 2841 eoque
1198 2744 1333 2841 neglec-

339 2873 402 2946 tae,
415 2871 458 2931 u't
475 2861 515 2932 in
532 2863 629 2951 viro,
646 2863 694 2934 de
715 2889 792 2962 quo
813 2863 903 2934 alibi
923 2862 977 2958 (6)
993 2863 1228 2934 mentionem
1250 2860 1331 2945 feci,
1373 2934 1375 2957 ⁴

251 3013 254 3022 ·
338 2977 553 3076 iterumque
573 2981 612 3051 iu
633 3005 708 3052 anu
732 2977 1131 3068 vid13cuifactaerat
1157 3003 1262 3052 ossea
1278 2975 1331 3046 illa
1374 2983 1375 3074 i

313 3125 317 3134 ·
339 3097 618 3187 membranula,
639 3125 722 3196 quu²
738 3123 826 3170 cum
845 3099 942 3169 ovali
952 3095 1113 3170 fenestra
1129 3096 1248 3170 basim
1268 3109 1330 3166 sta·
1374 3081 1375 3103 ¹

1374 3199 1375 3232 i

367 3465 370 3470 ’
412 3452 424 3530 )
445 3453 489 3508 De
505 3452 612 3509 Medic.
628 3454 648 3509 1.
662 3432 739 3522 6‚‘c.
754 3471 788 3523 7,
802 3470 833 3508 ιι.
847 3470 875 3524 7.
1374 3427 1375 3492 i

414 3552 425 3628 )
446 3554 575 3610 Praelect.
593 3551 624 3608 in
636 3551 734 3608 Instit.
750 3555 765 3623 5
779 3550 853 3622 551,
868 3549 943 3633 698,
955 3547 1023 3608 850.
1374 3581 1375 3598 ι

413 3651 425 3728 )
440 3647 521 3726 ¹Eph.
539 3655 577 3708 N.
591 3654 625 3709 C.
640 3653 724 3726 Cent.
743 3649 778 3725 5,
793 3651 858 3708 obs.
873 3651 922 3708 8¹.

412 3749 424 3828 )
444 3753 482 3807 N.
501 3771 535 3822 7,
552 3751 602 3807 cit'.
738 3765 741 3772 ¹
912 3785 915 3792 ·
1192 3753 1196 3762 '
1374 3747 1375 3771 ¹

413 3845 1022 3926 )uph.u.c.nec.2,a.s,0n.m.
1374 3825 1375 3858 ¹

382 3946 426 4026 (6)
446 3947 541 4026 Epist.
550 3949 620 4007 Ant.
635 3947 670 4023 5,
683 3969 714 4007 ιι.
725 3948 774 4007 ιθ.

380 3449 408 3528 (ι

382 3550 411 3627 (a

379 3650 410 3728 (3

380 3749 410 3826 (ι

381 3848 411 3925 ιδ
