2750 4658
330 395 401 468 236
492 415 538 464 nr
563 412 709 464 somnus
733 413 778 462 ar
803 411 927 462 ciosrs
950 412 1162 477 *nonnosum

328 530 513 630 siquando
542 529 644 602 solus
670 530 846 600 inventus
869 543 947 618 est,
971 529 1210 601 attendendae
1230 532 1326 604 velot

327 647 406 719 haec
422 673 465 718 ex
482 648 651 720 Valsalva
671 662 811 718 nostro.

378 792 433 838 21.
461 766 529 836 Vir
553 763 730 862 quidam,
754 766 815 835 cui
839 763 884 834 ab
908 765 1036 862 aliquo
1057 765 1135 860 jam
1160 780 1324 864 tempore

326 883 443 982 pedes
456 883 638 954 oedemate
663 882 880 972 tumebant,
906 883 979 955 levi
996 885 1203 981 corripitur
1220 882 1324 956 febri-

327 1002 427 1072 cula:
441 1000 635 1096 respiratio
651 999 812 1071 difficilis
826 999 888 1085 fit,
905 1003 944 1070 in
957 1001 1118 1096 ¹diesque
1129 998 1324 1097 difficilior,

324 1134 368 1189 ut
387 1133 509 1190 erecta
528 1118 671 1188 cervice
694 1119 835 1214 spirare
860 1133 1015 1215 cogatur
1036 1145 1043 1186 :
1067 1119 1194 1201 tussit,
1213 1133 1323 1189 catar-

322 1235 468 1307 rhalem
487 1236 633 1332 exspuit
650 1236 862 1320 materiam,
883 1235 1087 1332 plurimum
1107 1236 1197 1306 sitit.
1218 1236 1322 1306 Deni-

288 1416 290 1421 .
324 1377 399 1451 que
432 1354 603 1422 moritur.
638 1351 824 1424 Cadavere
858 1353 1042 1441 dissecto,
1076 1352 1321 1450 pericardium

322 1494 420 1567 aqua
441 1469 594 1566 plenum
615 1470 818 1552 invenitur.

373 1611 431 1658 as.
450 1589 558 1656 Nunc
577 1610 667 1657 vero
693 1603 729 1657 te
751 1587 959 1683 plurimum
976 1587 1104 1656 mirari
1121 1589 1223 1677 scio,
1245 1588 1320 1659 nul-

321 1705 401 1798 lum
415 1707 456 1774 in·
465 1703 547 1775 solo
558 1703 757 1800 pericardii
772 1703 943 1801 hydrope
955 1704 1102 1800 signum
1119 1703 1318 1802 legentem,

322 1821 426 1920 quod
444 1845 557 1918 supra
577 1845 656 1892 non
677 1820 812 1916 legeris
829 1820 867 1888 in
890 1819 1023 1890 eodem
1044 1845 1132 1892 eum
1154 1819 1318 1920 hydrope

319 1939 484 2011 thoracis
503 1940 727 2034 conjunctu,
745 1939 822 2008 imo
836 1951 872 2008 et
887 1938 925 2008 in
941 1936 1110 2035 hydrope
1128 1937 1317 2010 thoracisa

320 2057 521 2155 pericardii
548 2055 718 2154 hydrope
746 2057 926 2150 sejuncto.
945 2058 1029 2144 Quo
1051 2057 1168 2152 magis
1198 2055 1317 2127 credes
1369 2035 1370 2126 i

294 2211 297 2216 ¹
319 2199 450 2246 verum
470 2175 660 2272 scripsisse
678 2175 821 2244 clarum
838 2175 1034 2248 Graetzium
1052 2175 1091 2243 in
1105 2172 1318 2270 disputatio·
1369 2221 1370 2226 κ

318 2315 367 2364 ne
389 2291 460 2386 (1)
482 2317 617 2388 quam,
641 2291 794 2389 praeside
816 2289 1064 2378 Hoffmanno‚
1085 2289 1224 2380 edidit,
1241 2317 1314 2364 oum
1369 2327 1370 2348 κ

319 2406 457 2479 diserte
479 2410 646 2506 negavit,
662 2434 699 2480 se
713 2434 811 2507 pene
830 2409 910 2480 ulla
929 2407 1206 2507 deprehendere
1221 2416 1316 2506 signa

319 2526 450 2620 quibus
467 2523 537 2594 hos
557 2525 652 2597 duos
667 2525 860 2624 hydropes
879 2526 1103 2622 distinguere
1121 2532 1192 2597 rite
1206 2531 1370 2642 possit

319 2645 432 2710 ettam
453 2647 780 2714 exercitatissimus
796 2642 968 2714 medieas.
985 2650 1067 2714 Haec
1085 2658 1214 2715 tamen
1235 2669 1315 2716 con·

196 2773 205 2787 “
322 2757 431 2828 tinuo
451 2758 617 2855 subjicit3
640 2785 710 2830 msc
707 2763 867 2852 forsan
893 2745 1129 2859 lipothyrhias
1144 2762 1315 2860 frequen·

317 2880 447 2963 tiores,
475 2877 649 2974 spirandi
673 2901 764 2950 vero
793 2876 1057 2974 difficultatem
1078 2883 1263 2950 mitiorem
1284 2884 1315 2946 in

317 2992 489 3091 hydrope
496 2994 728 3093 pericardii„
740 3020 853 3092 quam
867 2994 1030 3068 thoracis
1046 3019 1144 3084 esse,
1166 3002 1249 3092 quis
1266 2994 1314 3066 di-

317 3116 435 3198 xerit,
448 3110 713 3210 praetereaque
728 3135 868 3207 regrum
876 3112 1085 3211 pericardii
1091 3112 1262 3211 hydrope
1270 3111 1315 3203 af

207 3273 210 3280 -
305 3227 743 3324 fectum,flnetnationes
759 3254 964 3326 aqnamm,
982 3229 1030 3300 de
1039 3228 1156 3300 latere
1175 3235 1213 3298 in
1225 3227 1314 3298 latus

157 3347 161 3353 ’
213 3393 217 3397 -
317 3369 356 3414 se
384 3370 424 3416 se
452 3346 722 3432 converteram,
751 3345 847 3417 adeo
877 3345 1064 3430 distinete,
1093 3369 1140 3416 ae
1171 3342 1313 3444 quidem

318 3460 417 3530 alias
433 3467 471 3530 in
488 3461 659 3560 hydrope
673 3462 835 3534 thoracis
836 3465 932 3559 fieri
941 3462 1090 3549 assolet,
1102 3486 1178 3534 non
1188 3467 1314 3541 sentire

320 3578 493 3648 observet.
520 3576 649 3650 Solent
674 3594 817 3670 tomen,
836 3581 979 3677 inquit,
1002 3581 1100 3652 inter
1124 3580 1229 3652 initia
1248 3577 1312 3673 hy·

359 3951 403 4032 (1)
425 3954 469 4012 De
485 3953 579 4029 Hydr.
597 3953 744 4014 Perieard.
760 3959 774 4027 S
789 3962 820 4023 4.
