2766 4670
318 401 385 478 138
456 425 504 473 nr
529 421 675 472 seorsus
697 423 743 470 er
767 419 891 471 crusis
916 421 1127 470 nonnosum

313 539 458 636 adjecta
478 536 533 636 (ι)
554 536 755 610 delineavit
771 561 850 610 non
864 561 936 636 pro
952 537 1162 627 emissario,
1176 552 1218 610 ut
1235 553 1312 627 est,

105 661 110 673 ‘
230 643 232 648 ¹
312 657 377 730 sed
392 681 461 755 pro
476 655 701 728 immissario
712 653 868 728 haberet
889 654 1058 752 ejusdem
1075 657 1182 728 autri.
1199 659 1312 729 Deui-

313 799 406 876 que,
424 799 473 854 ne
489 773 625 871 longus
641 774 730 862 sim,
752 775 868 846 averi
893 773 1047 871 quidem
1069 773 1312 846 similitudine
1373 793 1374 822 ¹

311 917 395 964 non·
419 891 524 964 abest
545 892 653 990 quod
680 893 721 962 iu
745 891 1017 966 observationis
1039 895 1176 964 XXXII
1201 918 1312 990 argu·

310 1023 448 1083 mento*
470 1009 714 1108 proponitur,
743 1035 769 1080 a
796 1024 934 1082 resecto
965 1008 1075 1080 dente
1092 1009 1312 1107 prominulo

310 1125 564 1198 convictiones
576 1141 739 1215 amors,
755 1127 819 1198 sed
829 1125 988 1201 dubium
1000 1139 1208 1214 esttamen,
1219 1151 1309 1198 num

312 1243 416 1342 quod
441 1247 546 1343 Casp.
572 1244 812 1316 Bartholinus
836 1247 876 1316 iu
901 1269 944 1317 ea
968 1242 1235 1318 observatione
1260 1242 1314 1341 (α)

311 1361 480 1459 scripsit,
512 1368 639 1433 statim
661 1362 841 1436 conmlsa
872 1378 910 1434 et
941 1362 1139 1462 epileptioa
1156 1361 1311 1448 decidit,
1374 1403 1375 1460 p

309 1493 472 1552 mortem
487 1480 685 1579 significet,
695 1505 743 1552 an
756 1481 998 1581 epilepticum
1012 1480 1192 1554 duntaxat
1200 1481 1310 1552 insul-

308 1610 402 1668 tum.
1374 1645 1375 1656 ι

358 1714 415 1786 31.
442 1716 536 1788 Satis
552 1716 937 1805 animadversionum,
953 1716 1311 1814 inquis,expeetaus

309 1829 484 1904 videlicet
502 1857 584 1930 quae
597 1834 677 1932 ipse
696 1833 970 1922 adnotaverim,
987 1836 1025 1904 iu
1040 1835 1085 1906 iis
1094 1835 1310 1931 praesertim,

308 1949 447 2046 quibus
470 1973 564 2048 saepe
583 1951 678 2022 adeo
698 1951 888 2050 torqueris
911 1951 1081 2024 dentium
1102 1951 1306 2024 doloribus.

305 2069 445 2140 Verum
460 2067 507 2140 ad
525 2093 570 2140 ea
588 2093 670 2166 quae
688 2068 777 2142 alias
785 2069 838 2166 (3)
852 2070 956 2168 attigi
966 2123 983 2157 ,Δ
992 2073 1054 2140 vix
1064 2069 1188 2142 habeo
1209 2067 1307 2168 quod

305 2186 451 2258 addam.
475 2189 642 2260 Omnino
657 2188 756 2275 aliis,
780 2202 964 2284 quantum
984 2187 1163 2261 adnotare
1185 2188 1307 2270 licuit,

305 2304 408 2375 aliud
425 2303 596 2402 prodest,
617 2307 694 2376 imo
721 2305 842 2378 eidem
871 2306 975 2378 aliud
991 2305 1096 2394 alias,
1117 2330 1188 2404 pro
1210 2306 1307 2378 varia

303 2422 484 2492 nimirum
508 2445 636 2511 causa,
661 2447 868 2521 rerumque
897 2424 1153 2523 dispositione.
1180 2426 1229 2496 In
1252 2447 1305 2494 me

194 2555 196 2560 ’
303 2541 386 2637 ipso
404 2542 505 2610 euim
524 2540 613 2612 alias
631 2541 686 2612 lac
707 2542 878 2639 tepidum
897 2541 990 2613 utile
1007 2557 1184 2640 expertus
1209 2567 1306 2628 sum,

303 2655 393 2728 alias
409 2656 561 2746 inutile,
579 2658 769 2730 utilituem
781 2673 906 2731 autem
918 2659 997 2730 vini
1008 2660 1197 2758 spiritum,
1220 2685 1307 2733 cam·
1375 2713 1376 2730 ,

302 2773 425 2872 phora
444 2789 667 2860 saturatum,
685 2777 777 2849 alies
795 2792 984 2850 neutrum.
996 2780 1227 2874 Quanquam
1244 2803 1306 2850 au-

302 2907 377 2964 tem
389 2907 536 2964 acetum
546 2911 912 2984 vereor,statueram
921 2896 960 2967 id
968 2919 1122 2995 quoque
1132 2897 1303 2995 experiri,

301 3010 558 3102 intercutem,
577 3013 684 3108 cujus
701 3039 804 3111 soepe
814 3037 852 3085 se
852 3017 992 3104 fhcisse
998 3014 1229 3113 periculum,
1241 3030 1304 3086 tes·

301 3134 474 3200 titurio.
491 3129 704 3228 Stephanus
722 3130 776 3227 (i)
788 3185 798 3219 ,
812 3130 1043 3210 confirmans
1059 3130 1303 3204 dentiumdo·

303 3243 419 3318 iorem
443 3247 564 3339 veluti
583 3248 765 3320 mumulo
784 3257 988 3348 consopiri,
1007 3257 1097 3322 sios
1114 3249 1303 3339 polluatur

301 3377 406 3434 aceto
425 3363 651 3435 decoctionis
673 3371 817 3434 tartari.
837 3366 910 3438 Sed
931 3367 1053 3439 multo
1075 3365 1214 3440 melius
1234 3363 1300 3437 fuit

337 3681 381 3760 (1)
402 3679 493 3760 Cor’p.
508 3683 589 3742 hum.
605 3687 711 3760 Disqu.
725 3689 814 3744 Anat.
823 3731 833 3760 ,
847 3689 908 3744 tab.
924 3689 974 3762 16,
987 3687 1036 3766 fig.
1051 3689 1084 3763 3,
1098 3691 1137 3749 ad
1148 3689 1208 3748 litt.
1221 3691 1250 3744 d.

338 3781 382 3861 (n)
402 3785 499 3840 Instit.
512 3787 603 3842 Anat}
617 3787 708 3870 libell.
726 3793 759 3858 4,
774 3808 800 3844 e.
819 3808 865 3845 12.

338 3879 382 3958 (3)
404 3871 503 3957 Epist
514 3863 603 3940 Anat.
620 3885 672 3954 13,
689 3905 718 3940 n.
737 3885 769 3956 6,
786 3907 814 3958 7.

312 4003 315 4010 ·
337 3979 395 4058 (t).
404 3983 571 4040 comment.
587 3983 620 4042 iu
632 3983 775 4060 Hippocr.
785 3985 828 4054 ¹de
843 3988 925 4044 hom.
937 3997 1040 4046 struet.
