2820 4662
314 447 383 522 508
477 471 524 518 nr
550 467 697 518 surmus
722 469 767 516 nr
791 459 916 516 crusis
943 463 1157 517 nornonurr

312 581 522 672 mantibus,
552 580 756 654 intercluso
789 579 926 678 spiritu
955 582 1138 671 mortuis,
1162 578 1331 655 Thomas

316 701 590 798 Cornelius·(.1)
609 698 870 798 deprehendit.
892 701 978 788 Quo
997 686 1114 789 facto,
1138 699 1258 772 simul
1276 723 1330 770 ar·

317 822 419 894 teriis
433 819 708 892 vertebralibus
721 819 956 892 subtrahitur
975 820 1139 920 sanguis,
1157 818 1330 918 quemad

318 937 518 1010 cerebrum
533 936 762 1024 convehant3
778 936 889 1008 simul
908 937 1033 1025 venis,
1054 961 1191 1010 earum
1207 938 1330 1024 sociis,

319 1035 519 1127 difficilior
539 1052 582 1125 fit
610 1053 689 1149 ejus
721 1055 788 1150 qui
818 1054 858 1126 in
885 1053 1085 1128 cerebrum
1111 1053 1331 1141 influxerat,

320 1172 511 1269 sanguinis
532 1172 571 1240 in
595 1169 803 1244 subcla'vias
823 1173 1050 1272 reportatio,
1074 1172 1228 1270 quippe
1250 1195 1331 1244 cava

318 1289 359 1360 in
375 1313 488 1387 quam
502 1288 559 1360 hae
573 1287 789 1379 confluunt,
802 1315 824 1362 a
841 1291 1084 1379 subsistente,
1099 1307 1144 1363 ut
1159 1291 1332 1375 diximus,

321 1407 502 1502 sanguine
517 1406 613 1480 adeo
626 1405 803 1496 distenta,
827 1421 870 1481 ut
885 1407 1077 1481 interdum
1095 1409 1137 1479 in
1147 1423 1332 1515 *strangu-

321 1523 406 1600 latis
423 1524 662 1613 animalibus,
682 1551 729 1598 ex
744 1527 912 1598 Cornelii
932 1525 1103 1623 ejusdem
1127 1526 1187 1624 (a)
1206 1525 1332 1598 obser·

322 1642 489 1732 ratione,
509 1641 776 1742 disrumpatur.
796 1644 958 1746 Necjam
975 1643 1080 1733 dico,
1095 1669 1169 1743 per
1184 1644 1341 1743 pulmon
1400 1705 1401 1710 ,

321 1785 390 1832 nes
410 1785 488 1832 non
507 1763 734 1860 respirantes
750 1763 873 1834 statim
891 1761 987 1833 nibil
1004 1763 1203 1862 sanguinis
1218 1762 1331 1834 omni·

1400 1736 1403 1892 i

324 1906 376 1952 no
392 1882 569 1971 transire3
593 1881 658 1955 sed
675 1883 821 1970 minus,
844 1898 882 1954 et
898 1880 1079 1980 deinceps
1101 1882 1255 1967 minus,
1270 1879 1330 1950 mi·
1401 1893 1403 1958 fi

325 2023 490 2096 nusque,
514 2014 556 2070 ut
580 2000 684 2097 quod
710 2001 861 2089 transit,
886 1999 1080 2073 servandae
1094 1998 1331 2072 circulationi

325 2143 405 2188 non
420 2113 596 2206 sufficiat3
611 2143 735 2216 neque
751 2118 852 2190 enim
865 2133 975 2206 tunc,
990 2133 1033 2190 ut
1048 2120 1088 2188 in
1103 2115 1331 2188 haemorrha-

327 2236 413 2333 giis,
434 2250 582 2335 tempus
594 2253 648 2310 est
660 2263 739 2335 quo
763 2239 954 2311 searteriae
973 2239 1108 2310 sensim
1124 2239 1247 2335 magis
1261 2259 1331 2306 ma-

317 2354 459 2453 ·gisque
477 2356 719 2446 contrahant,
739 2372 775 2428 et
794 2357 843 2428 ad
861 2356 1049 2428 modicam
1070 2355 1175 2426 illam
1195 2354 1331 2452 sangui·

327 2472 387 2544 nis
412 2475 558 2571 copiam
588 2499 627 2548 se
653 2475 922 2566 commodent,
946 2474 1011 2547 sed
1036 2475 1183 2546 interea
1208 2472 1330 2544 dexter

329 2589 453 2661 cordis
482 2592 715 2665 ventriculus
740 2594 834 2666 adeo
861 2593 1042 2692 sanguine
1068 2591 1279 2676 dilatatur,
1295 2603 1330 2659 ut

328 2729 418 2775 mox
436 2709 694 2806 constringere
713 2733 844 2783 senon
861 2710 996 2810 possit,
1010 2706 1329 2804 nocvckexiguam

330 2822 475 2918 copiam
494 2826 686 2922 sanguinis
700 2851 769 2924 per
780 2827 983 2926 pulmones
991 2824 1038 2897 ad
1050 2825 1269 2934 sinistrum,
1280 2846 1330 2894 ar·

327 2940 515 3037 teriasque
531 2944 769 3040 compellere.
779 2944 891 3036 Quod
903 2946 934 3016 si
943 2945 1058 3041 igitur
1069 2943 1258 3041 impedita
1266 2963 1329 3014 res·
1404 2999 1405 3024 ἒ

329 3058 465 3155 piratio
482 3061 783 3135 circumitionem
800 3063 995 3160 sanguinis
1018 3083 1088 3159 per
1115 3085 1155 3132 se
1182 3058 1330 3158 impedit

329 3175 426 3248 intra
444 3176 557 3250 breve
573 3193 741 3276 tempus3
760 3181 858 3252 intra
876 3179 1140 3252 brevissimum
1159 3173 1331 3276 impediet

329 3319 398 3392 per
415 3296 613 3386 cerebrum
634 3323 767 3370 eorum
789 3298 827 3370 in
851 3297 990 3395 quibus
1008 3296 1060 3367 ob
1076 3293 1284 3382 carotides,
1302 3304 1332 3362 et

326 3410 551 3508 jugulares,
570 3415 704 3488 eodem
729 3399 900 3514 tempore
920 3416 1067 3512 dequeo
1097 3413 1332 3494 constrictas,

331 3531 392 3632 virt
411 3545 557 3602 tantum
576 3532 766 3629 sanguinis
782 3531 877 3602 illud
900 3529 1081 3616 babebat,
1101 3544 1145 3600 ut
1171 3552 1246 3626 per
1260 3549 1332 3597 ver

325 3645 492 3727 tebrales
507 3651 675 3738 arterias,
692 3673 880 3746 venasque
901 3661 1065 3720 servaret
1076 3643 1334 3744 quadantenus

372 3932 417 4010 (ι)
437 3935 597 4014 Progymn.
617 3955 644 4006 7.

374 4032 417 4111 (s)
438 4033 515 4092 Ibid.
