2812 4660
295 467 367 564 374
460 489 507 534 ns
533 485 679 534 srnmos
704 483 748 532 rr
773 481 897 532 canus
922 483 1135 531 nonaonmr
1215 473 1220 483 ·

296 629 409 702 quam
430 599 641 672 morbosus.
662 599 759 670 Illud
782 598 1045 670 tantummodo
1063 591 1293 668 animadver-

297 747 379 794 sum
395 735 470 810 est,
491 718 609 790 multo
625 713 813 788 difficilius
828 741 941 815 quam
959 717 1096 805 soleat,
1111 739 1197 788 eam
1213 711 1292 786 sub·

295 839 470 921 ,stantiam
501 833 757 924 abronchiis,
783 835 998 932 caterisque
1020 836 1116 906 vasis
1143 830 1295 905 distrahi

298 955 550 1054 abrumpique
563 954 739 1050 potuisse.
756 953 814 1023 Sic
831 952 942 1022 etiam
961 977 1049 1022 mox
1063 954 1103 1022 in
1118 967 1297 1023 aortaeex·

296 1074 386 1146 tima
410 1073 537 1146 tunica
564 1069 777 1158 avellenda,
800 1070 1009 1141 resistentia
1038 1071 1162 1165 major
1185 1093 1294 1166 quarn

299 1189 512 1276 consuevit,
530 1188 681 1258 inventa
696 1202 760 1258 est.
778 1191 960 1259 Caeterum
978 1184 1026 1257 ad
1041 1188 1186 1258 arteriae
1197 1211 1298 1286 aspe-

297 1333 347 1379 rae
362 1310 401 1376 in
419 1306 538 1404 prima
553 1303 738 1377 bronchia
756 1303 979 1376 divisionem
991 1303 1176 1404 glandulas
1185 1304 1297 1377 bron·

302 1425 440 1496 chiales
462 1449 540 1499 non
563 1423 679 1494 modo
699 1423 843 1520 plures,
866 1422 931 1496 sed
953 1446 1081 1496 crassae
1101 1423 1197 1495 adeo
1224 1420 1300 1494 fue-

301 1555 413 1631 runt,
433 1556 475 1612 ut
493 1540 701 1612 mediocres
719 1565 878 1612 uvarum
897 1541 1239 1638 aein'osaequarent.
1256 1543 1298 1610 ln

302 1660 514 1759 pericardio
542 1683 639 1757 aqua
663 1658 803 1732 rubens
830 1683 910 1730 non
933 1659 1073 1730 multa:
1090 1683 1158 1730 cor
1177 1674 1298 1730 autem

303 1779 363 1851 vel
380 1779 500 1874 majus
519 1803 631 1875 quam
655 1779 685 1848 si
711 1778 788 1849 duo
814 1777 929 1849 corda
947 1780 987 1848 in
1009 1803 1128 1848 unum
1147 1777 1302 1872 conjun·
1399 1837 1400 1866 ,

305 1921 421 1994 geres.
443 1901 487 1967 Et
506 1895 623 1966 ambae
651 1894 804 1992 quidem
832 1893 1030 1982 auriculae,
1056 1909 1093 1966 et
1114 1895 1238 1982 sinuS,
1264 1907 1303 1964 ut

301 2017 468 2085 vocitant
478 2065 495 2101 ,.
504 2014 737 2112 pulmonaris
753 2035 858 2084 venae
874 2027 981 2084 erant
996 2013 1216 2111 ampliores;
1236 2009 1300 2084 sed

304 2131 522 2220 ventriculi,
552 2131 774 2228 sinisterque
803 2131 843 2200 in
871 2130 1003 2229 primis
1029 2129 1148 2201 multo
1176 2130 1303 2228 magis.
1399 2159 1400 2188 i

304 2249 372 2320 Hic
392 2265 516 2320 autem
531 2248 570 2318 in
584 2247 820 2318 latitudinem
838 2246 980 2344 ubique
998 2259 1163 2318 creverat
1182 2270 1306 2344 usque

306 2366 423 2454 adc0,
443 2381 484 2437 ut
498 2367 668 2436 omnium
688 2365 767 2460 ejus
788 2365 973 2463 parietum
995 2363 1191 2434 imminuta
1203 2387 1307 2434 cras·
1399 2351 1400 2394 ³

308 2481 433 2554 situdo
451 2484 512 2552 vix
537 2482 817 2554 crassitudinem
847 2497 1011 2580 aequaret
1032 2480 1181 2579 parietis
1205 2478 1307 2552 illius

309 2599 375 2694 qui
389 2599 589 2668 ventriculi
608 2598 750 2670 dexteri
771 2615 827 2671 est
846 2601 1034 2698 proprius.
1053 2595 1237 2670 Lacertuli
1253 2611 1308 2669 ta·

308 2739 396 2784 men
418 2714 470 2784 illi
492 2716 558 2812 qui
582 2717 678 2786 intra
696 2717 888 2787 sinistrum
911 2715 1161 2786 ventriculum
1179 2713 1310 2812 impli-

264 2898 266 2902 s
310 2838 443 2902 c'antnr
454 2833 493 2901 in
512 2832 601 2904 retis
617 2831 793 2920 modum,
815 2859 894 2904 non
911 2848 1111 2932 propterea
1128 2831 1309 2930 disrupti,

309 2949 451 3022 nedum
474 2949 679 3048 absumpti,
703 2949 1044 3048 conspiciebantur.
1064 2948 1217 3021 Nullum
1237 2973 1311 3021 au-

309 3083 385 3141 tem
406 3067 558 3140 evidens
575 3069 661 3140 ullis
677 3069 715 3137 in
731 3067 887 3139 valvulis
904 3081 982 3138 erat
1001 3067 1133 3138 vitium
1156 3081 1311 3165 prater·

311 3211 424 3284 quam
442 3188 481 3256 in
493 3187 536 3258 iis
551 3211 633 3282 quae
648 3199 758 3256 aortae
774 3183 918 3256 orificio
934 3183 1210 3283 praeficiuntur3
1229 3183 1309 3256 val·

311 3304 358 3374 de
376 3306 476 3376 enirn
497 3304 670 3404 strigosas
693 3300 871 3386 vidimus,
894 3316 932 3372 et
952 3303 991 3372 in
1011 3325 1051 3374 se
1072 3315 1310 3391 contractas,

310 3435 391 3489 turn
403 3419 631 3517 subrigidas,
647 3432 759 3518 atque
772 3417 1024 3510 duriusculas,
1039 3417 1155 3516 idque
1164 3420 1204 3489 in
1213 3442 1310 3491 sum·

310 3559 376 3607 mo
403 3538 607 3636 prasertim
642 3537 872 3635 singularum
903 3535 1031 3607 limbo.
1060 3536 1147 3632 Ejus
1181 3550 1310 3606 autem

312 3675 425 3751 quem
437 3676 548 3749 supra
564 3653 847 3751 descripsimuS,
867 3652 1152 3750 sanguiniscum
1167 3651 1312 3724 medio-

312 3772 385 3842 cris
406 3783 501 3842 esset
520 3769 629 3867 copia
645 3755 743 3842 intra
763 3783 874 3841 aortae
896 3770 1068 3859 initium,
1088 3768 1209 3864 major
1229 3783 1310 3840 erat

311 3887 353 3956 in
379 3887 528 3958 sinistro
560 3887 792 3975 ventriculo,
816 3885 992 3984 idemque
1020 3886 1308 3957 coronariorum

310 4025 485 4078 vasorum
504 4026 630 4074 ramos
653 4004 720 4098 qui
745 4027 814 4101 per
831 4003 954 4074 cordis
973 3999 1209 4101 superficiem
1240 3999 1309 4072 du·
