2766 4670
351 416 419 502 ilo
511 433 559 484 na
585 431 731 483 santius
755 431 800 482 ar
825 432 948 488 causis
973 407 1184 486 uoaaonmi

345 547 456 638 ficax,
483 564 520 620 et
544 561 843 648 praesentaneum
867 571 968 638 esse,
996 549 1082 624 sino
1103 550 1182 623 ulla
1208 549 1331 644 haesita·

345 669 449 760 tione
468 665 714 740 asseverabat.

395 785 452 858 32.
479 789 534 858 De
557 799 687 882 gustus
707 797 832 854 autem
858 782 1068 880 privatione
1094 779 1144 856 ob
1171 786 1329 858 vitiosum

344 925 548 974 nervorum
567 903 698 988 situm,
721 925 916 998 nunquam
939 902 1040 999 apud
1063 901 1287 974 Columbum
1302 901 1329 971 id

343 1020 418 1116 legi
437 1018 542 1116 quod
561 1018 600 1088 in
621 1019 785 1090 sectione
801 1019 869 1090 ista
891 1022 996 1107 XXI,
1013 1018 1227 1092 observatio
1246 1016 1330 1089 exhi·

342 1134 408 1208 bet
424 1138 571 1223 XXXV,
589 1135 681 1231 quin
699 1135 821 1207 statim
835 1135 1197 1225 animadverterem,
1213 1118 1243 1209 si
1255 1133 1328 1206 nihil

343 1252 482 1324 erroris
509 1254 548 1322 in
577 1249 814 1323 observando
843 1250 1047 1324 admissum
1069 1254 1147 1342 sit,
1177 1275 1328 1351 superva-

345 1394 451 1440 cuam
479 1393 558 1441 esse
579 1368 877 1466 disquisitionem
895 1369 1006 1440 aliam
1024 1394 1180 1444 omnem
1198 1370 1243 1442 ad
1258 1393 1327 1442 con·

340 1488 561 1558 troversiam
594 1486 867 1575 dirimendam,
895 1487 1094 1584 quintum,
1125 1513 1176 1559 an
1203 1509 1326 1558 nonum

340 1628 545 1675 nervorum
576 1629 668 1703 par,
693 1628 780 1676 cum
808 1620 1013 1702 utrumque
1039 1606 1178 1702 linguae
1200 1604 1327 1676 subser-

338 1722 429 1810 viat,
450 1721 547 1792 illud
566 1723 614 1793 sit
631 1722 735 1819 quod
754 1722 843 1794 huic
860 1720 990 1796 afferat
1004 1723 1180 1820 gustandi
1188 1720 1325 1794 »faculta-

338 1853 437 1928 tem,
456 1838 611 1936 quando
636 1841 674 1910 in
697 1839 872 1929 homine,
895 1840 1069 1914 facultate
1085 1841 1158 1912 hac
1178 1841 1322 1941 privato,

339 1958 515 2054 quintum
543 1973 622 2029 erat
646 1957 751 2056 quod
778 1957 945 2057 linguam
969 1984 1048 2030 non
1074 1953 1213 2034 adibat.
1239 1959 1322 2050 AEgre

338 2090 463 2146 autem
479 2074 558 2146 fero
576 2075 681 2172 quod
696 2099 783 2146 cum
796 2074 886 2148 huic
902 2077 1076 2162 similem,
1087 2076 1194 2174 quod
1207 2073 1251 2146 ad
1260 2092 1322 2142 ner·

336 2215 403 2262 vos
416 2193 566 2280 attinet,
582 2192 904 2284 observationem,
919 2210 962 2266 ut
977 2196 1060 2267 istic
1076 2195 1219 2294 pariter
1229 2187 1320 2266 vides,

337 2308 411 2381 alio
430 2309 468 2378 in
488 2308 642 2381 homine
663 2308 868 2384 Rolfincius
888 2309 1082 2400 habuerit,
1102 2333 1223 2410 pauca
1236 2303 1320 2386 adeo

337 2427 434 2496 inre
459 2449 538 2496 non
558 2426 649 2529 levis
669 2428 1006 2526 momenti,verba
1020 2427 1171 2518 fecerit,
1196 2439 1235 2496 ut
1252 2438 1320 2493 suus

338 2541 402 2612 ille
419 2557 540 2614 sartor
557 2557 672 2641 gustu
685 2559 847 2634 careret,
861 2570 997 2617 annon
1013 2560 1178 2635 careret,
1190 2531 1320 2643 prorsus

340 2659 545 2730 reticuerit.
564 2665 644 2734 Hoc
664 2662 764 2732 enim
782 2663 900 2761 magis
919 2663 1013 2735 scire
1037 2661 1209 2750 avebam,
1228 2672 1319 2762 quam

337 2790 464 2848 utrum
481 2778 563 2849 viva
581 2803 734 2878 quoque
751 2779 945 2870 animalia,
960 2782 1071 2870 vitra,
1091 2803 1198 2866 saxa,
1216 2788 1250 2846 et
1266 2791 1321 2840 cae·

334 2907 415 2965 tera
430 2919 512 2993 quae
524 2899 684 2970 Lazarus
691 2896 755 2972 ille
766 2897 942 2970 Columbi
964 2912 1124 2971 voraret.
1138 2899 1231 2969 Nam
1248 2905 1318 2959 cum

333 3009 416 3100 alii,
431 3017 670 3109 quantumvis
691 3031 803 3114 gustu
816 3017 1023 3115 pollentes,
1039 3042 1118 3088 non
1134 3005 1319 3097 absimilia,

334 3144 399 3200 aut
411 3130 456 3202 iis
473 3135 695 3206 nocentiora
709 3133 960 3222 devorarunt,
981 3150 1025 3230 ut
1047 3148 1139 3233 puta
1162 3125 1318 3204 cultrivo·

335 3269 400 3318 rus
409 3245 472 3318 ille
489 3251 727 3341 Basileensis,
745 3253 851 3348 cujus
865 3254 1007 3325 ventris
1025 3277 1104 3324 non
1121 3251 1247 3324 leviter
1259 3233 1317 3312 laesi

338 3361 643 3462 descriptionem,
657 3393 770 3468 quam
782 3368 993 3442 Columbus
1005 3370 1044 3470 in
1054 3375 1192 3442 Lazaro
1204 3354 1316 3436 omisit,

335 3479 438 3577 apud
452 3482 613 3556 Felicem
626 3483 813 3556 Platerum
833 3488 1019 3561 minorem
1038 3487 1052 3584 (
1068 3513 1080 3558 1
1095 3489 1110 3584 )
1131 3483 1316 3558 habemusl

336 3609 418 3666 tum
429 3622 519 3670 vero
532 3600 615 3690 alii,
629 3601 733 3699 quod
751 3605 868 3694 nosti,
883 3629 1085 3676 nervorum
1104 3589 1316 3690 ramidcglu·

339 3797 1315 3842 *W

376 3946 419 4024 (ι)
440 3951 576 4007 Mantiss.
595 3951 667 4008 Obs.
686 3951 732 4008 50.
