2812 4660
180 519 183 525 Ι
295 439 366 520 400
459 453 505 499 nr
532 450 676 500 surinus
701 451 745 497 nr
771 451 894 498 causis
919 453 1130 502 nonnosum

295 569 509 668 spectantia.
527 569 658 662 Neque
674 567 780 636 aliter
797 565 844 637 de
859 563 994 637 femina
1014 567 1069 664 (1)
1086 569 1238 659 credas,
1261 577 1297 644 in

295 684 548 783 cujuspariter
556 682 711 753 historia
726 681 820 752 nihil
836 683 1206 783 ejusmoclireperies,
1216 713 1299 762 cum

293 817 419 874 tamen
438 800 602 871 auricula
620 799 750 870 eadem
774 813 918 870 tantam
936 799 1098 872 dilatata
1115 822 1237 892 esset,
1263 823 1302 878 ut

294 944 483 992 annexum
504 917 751 988 ventriculum
776 940 852 986 tion
882 917 996 988 modo
1024 937 1217 1017 aequaret,
1238 924 1302 994 sed

294 1036 549 1133 magnitudine
562 1033 765 1130 inperaret.
787 1039 832 1104 At
850 1035 888 1103 in
906 1052 1113 1108 mercatore
1126 1038 1182 1135 (a)
1197 1043 1300 1136 cujus
1394 1053 1395 1074 *

295 1178 474 1253 magnum
495 1167 531 1223 et
548 1151 733 1222 tumidum
754 1175 819 1220 cor
835 1153 1040 1223 auriculam
1059 1155 1203 1251 pariter
1220 1158 1301 1230 dex·

295 1288 414 1345 teram
435 1269 596 1341 multum
617 1268 779 1339 habehat
798 1293 1018 1367 expansam,
1047 1271 1149 1344 idem
1173 1275 1298 1348 elaris·

297 1392 412 1484 simus
429 1386 700 1459 observationis
714 1403 867 1472 auctor,
887 1387 1092 1466 Thebesius
1112 1391 1299 1466 anhelitus
1346 1463 1353 1476 ,

297 1508 425 1580 saltem
443 1504 700 1576 difficultatem
722 1529 743 1573 a
762 1504 887 1576 multis
911 1507 1019 1576 annis
1036 1505 1298 1599 adnotaverat,

275 1687 278 1696 t
297 1643 334 1697 et
352 1649 451 1723 saepe
469 1623 564 1708 alia,
584 1619 831 1720 quaefortasse
843 1622 918 1694 huc
932 1624 1162 1711 attinebant,
1177 1652 1298 1727 symp-
1395 1665 1396 1678 κ

298 1758 452 1815 tornata.
483 1745 603 1837 Atque
629 1754 671 1810 nt
697 1739 742 1809 de
763 1740 911 1810 sinistra
935 1767 1087 1839 quoqne
1115 1747 1297 1834 auricula,

297 1862 405 1956 cujus
414 1859 639 1930 dilatationis
652 1857 821 1955 exempla
837 1861 1016 1955 pauciora
1033 1875 1179 1952 extant,
1190 1889 1298 1960 quam

296 1979 474 2064 dextera,
494 1974 635 2072 aliquid
654 1976 895 2074 attingamus:
917 1993 1052 2075 praeter
1078 2005 1120 2050 ea
1149 2007 1236 2077 quae
1259 2007 1297 2053 ex
1396 2013 1397 2030 ¹

298 2097 342 2167 cl.
359 2100 463 2166 Pasta
478 2091 923 2191 sirpralblindicavimus,
940 2109 977 2165 et
989 2097 1026 2165 in
1039 2096 1128 2185 hac,
1145 2100 1296 2196 aliisque

298 2239 342 2286 ex
359 2214 496 2284 nostris
517 2210 683 2308 epistolis
698 2211 887 2298 invenieS,
905 2212 1090 2310 Schreyus
1108 2214 1165 2310 (4)
1176 2220 1234 2286 vir
1246 2221 1296 2286 in-

298 2357 442 2431 genuus
464 2333 504 2400 in
527 2328 698 2425 septenni
715 2353 836 2425 puero
854 2330 979 2402 cordis
999 2333 1296 2429 palpitationem,

299 2466 335 2522 ct
364 2450 524 2520 celerem
558 2445 798 2541 debilemque
828 2449 979 2544 pulsum
1013 2451 1295 2541 animadvertit,

258 2661 260 2666 Ι
299 2591 384 2637 cum
402 2563 569 2658 ejusdem
594 2586 660 2631 cor
680 2562 873 2661 stupenda
893 2568 1163 2662 magnitudinis
1183 2571 1298 2642 adulti
1397 2615 1398 2674 3

298 2683 681 2779 superaretsormam,
708 2682 880 2752 auricula
899 2691 1049 2755 sinistra
1074 2693 1135 2756 ovi
1158 2714 1295 2785 magm-

298 2798 463 2869 tadinem
473 2814 671 2895 aequante:
686 2797 803 2869 multa
816 2815 941 2871 autem
955 2804 993 2872 in
1009 2803 1142 2898 hujuS,
1155 2823 1194 2876 et
1205 2831 1295 2876 mer·

207 2963 210 2976 ι
298 2917 432 2988 catoris
444 2915 596 2986 thorace
610 2939 707 3012 aqua
719 2912 799 2986 fuit.
814 2918 926 3006 Quod
939 2922 968 2990 si
981 2919 1048 2990 alia
1060 2924 1294 2996 considerare

295 3034 409 3108 libeat
418 3034 560 3104 dilatati
573 3033 697 3104 cordis
710 3036 898 3132 exempla;
911 3035 1021 3133 plura
1032 3037 1148 3110 habes
1163 3042 1293 3138 passim

294 3153 335 3223 in
350 3151 408 3222 his
426 3151 591 3249 epistolis
605 3166 829 3222 memorata:
849 3168 930 3222 tum
945 3170 1079 3251 praeter
1096 3181 1139 3228 ea
1154 3182 1238 3254 qnae
1249 3161 1293 3228 in·

296 3268 436 3340 dicabit
460 3270 527 3340 cel.
553 3269 770 3354 Swietenius
788 3266 860 3364 (ὃ),
883 3295 961 3341 non
984 3296 1102 3369 pauca
1131 3275 1293 3346 invenies

397 3901 466 3954 Act.
484 3899 522 3953 N.
536 3898 568 3953 C.
587 3907 659 3952 tom.
679 3915 712 3968 a,
730 3898 794 3954 obs.
811 3901 857 3967 34.

398 4001 563 4056 Comment.
574 3996 607 4054 in
618 3995 724 4055 Boerh.
736 3996 850 4075 Aphor.
863 4003 878 4069 ς
890 3999 955 4070 176.
