2832 4662
289 387 360 476 584
455 409 502 458 na
529 409 675 484 spamus
700 409 745 456 rr
769 406 893 456 causis
918 401 1128 457 nonnosum
1183 407 1187 416 ·

287 543 384 616 ater,
412 541 448 597 et
472 523 648 626 phlogosi
679 519 851 613 affectus,
881 520 1001 594 durus
1025 518 1209 622 praterea,
1236 537 1265 596 et

286 644 395 716 valde
411 655 649 740 compactus,
667 639 887 714 membrana
903 653 1028 711 autem
1043 641 1172 718 extima
1182 637 1266 712 facil·

285 762 375 834 lime
397 756 593 858 separabili
606 784 616 846 ;
630 781 699 854 per
713 754 1012 845 membranulas,
1029 754 1266 855 scapulas-ver·

288 903 370 968 suS,
386 877 525 975 pleurae
538 873 760 946 adhaerebat.
781 873 916 946 Pulmo
934 873 1083 946 sinister
1094 875 1155 945 vix
1167 871 1267 944 laben

283 1009 526 1092 conceperat.
543 997 587 1064 In
607 991 731 1065 cordis
755 992 1139 1064 ventriculo‘dextero
1154 990 1270 1063 medio·

289 1105 367 1187 crisx
381 1113 562 1212 polyposa
581 1111 792 1199 concretio,
807 1111 941 1207 majori
954 1135 998 1183 ex
1013 1125 1119 1208 parte
1135 1109 1180 1182 ad
1192 1109 1268 1178 auri-

289 1233 413 1305 culam
435 1231 642 1328 pertinens,
661 1226 836 1326 gracilior
852 1226 969 1298 altera
984 1228 1024 1297 in
1044 1226 1208 1298 sinistro:
1222 1223 1270 1294 illa

289 1352 330 1420 in
350 1373 483 1420 venam
504 1369 652 1430 cavam,
667 1359 704 1416 et
721 1345 984 1444 pulmonarem
998 1345 1190 1430 arteriam,
1210 1339 1271 1408 hac

289 1467 330 1536 in
346 1464 609 1562 pulmonarem
632 1487 768 1534 venam
794 1461 841 1533 ad
863 1461 1039 1546 brevem,
1068 1461 1110 1530 in
1125 1457 1273 1530 arteriam

180 1564 183 1570 ¹
291 1607 465 1680 magnam
478 1581 525 1652 ad
534 1581 690 1678 longum
703 1594 864 1652 tractum
873 1575 1276 1677 productazamhaecon·

294 1713 398 1771 creto
417 1701 598 1795 sanguine
614 1695 859 1796 stipabantur.

343 1815 400 1904 34.
418 1815 530 1906 Quod
551 1816 590 1884 in
610 1814 684 1885 hoc
708 1838 795 1886 sene
809 1812 979 1886 Valsalva
1007 1810 1221 1897 dubitabat,
1240 1833 1277 1879 an

296 1959 420 2008 serum
447 1947 533 2003 ante
559 1932 751 2030 pulmonis
781 1929 1116 2002 inflammationem
1140 1925 1277 2000 effusum

292 2052 370 2147 jam
388 2064 483 2120 esset
500 2049 539 2118 in
556 2047 729 2136 thorace,
748 2045 892 2118 facilius
912 2047 950 2118 id
968 2061 1065 2119 esset
1086 2046 1242 2132 creditu,
1255 2044 1279 2114 si
1310 2039 1313 2046 ’

295 2169 377 2262 ejus
388 2163 581 2238 effusionis
595 2166 779 2239 indicium
793 2166 947 2265 aliquod
955 2167 1220 2266 praeeminet,
1231 2187 1281 2236 ve·

295 2285 353 2355 lut
371 2285 410 2354 in
424 2284 590 2382 virgine,
610 2299 646 2356 et
663 2285 801 2358 clerico
817 2311 897 2357 non
911 2309 1030 2359 unum
1055 2305 1281 2384 praegressum

296 2400 637 2497 animadvertimus.
654 2402 865 2474 Cachectici
881 2404 988 2501 prius
1002 2418 1112 2475 erant
1125 2417 1283 2499 uterque,

197 2609 200 2616 .
297 2504 334 2590 et
352 2518 415 2589 illa
435 2519 589 2616 quidem
608 2543 728 2616 usque
752 2518 863 2608 adeo,
885 2534 928 2592 ut
945 2520 1057 2617 cystis
1078 2515 1285 2590 nullumbi·

299 2637 345 2706 lis
367 2638 567 2734 vestigium
594 2650 778 2725 servaret;
803 2637 903 2712 unde
932 2637 1067 2734 aliquis
1099 2650 1223 2735 posset
1238 2631 1284 2704 cui

296 2749 392 2821 forte
407 2750 470 2821 illa
488 2750 680 2850 Drahii(1)
693 2752 955 2852 improbabilis
970 2753 1144 2851 alioquin
1161 2767 1286 2828 senten·

295 2872 345 2941 tia
362 2870 526 2968 placeret
544 2870 590 2943 de
605 2868 692 2944 felle
708 2885 991 2944 menstruorum
1019 2895 1131 2944 causa
1148 2923 1158 2960 ,
1190 2891 1287 2966 argu·

296 3001 468 3058 mentum
486 2985 621 3058 ducere
648 2986 719 3058 hac
744 2987 923 3061 diuturna
944 2989 1210 3088 suppressione
1235 3006 1286 3054 eo·

296 3129 382 3176 rum
399 3119 577 3203 spectata,
594 3104 641 3182 ad
665 3104 834 3201 eamdem
853 3107 1075 3178 seutentiam
1093 3102 1288 3203 quadante-

297 3248 370 3294 nus
389 3221 696 3294 confirmandam.
716 3223 882 3294 Clericus
890 3247 989 3294 ‘vero
1006 3224 1137 3322 urinas
1148 3219 1286 3301 rubras,

298 3354 527 3410 nocturnum
549 3354 673 3411 autem
698 3363 872 3410 somnum
899 3338 1062 3412 habebat
1093 3338 1285 3410 turbatum.

299 3457 485 3552 Denique,
494 3471 536 3526 ut
548 3449 1058 3544 caeteraomittam,neutrius
1067 3454 1288 3552 breratpror·

299 3598 361 3646 sus
374 3575 519 3671 integra
535 3575 740 3673 respiratio.
758 3574 870 3666 Quod
885 3575 953 3648 etsi
972 3576 1012 3645 in
1029 3573 1203 3646 cachexia
1218 3591 1287 3642 esse

339 3943 383 4022 (ι)
403 3943 583 4021 Anthropol.
598 3944 689 4004 book.
707 3964 740 4020 1,
757 3945 867 4006 chal.
