<?xml version="1.0" encoding="UTF-8"?>
<!DOCTYPE html PUBLIC "-//W3C//DTD XHTML 1.0 Transitional//EN"
    "http://www.w3.org/TR/xhtml1/DTD/xhtml1-transitional.dtd">
<html xmlns="http://www.w3.org/1999/xhtml" xml:lang="en" lang="en">
 <head>
  <title>
</title>
<meta http-equiv="Content-Type" content="text/html;charset=utf-8" />
  <meta name='ocr-system' content='tesseract 3.04.00' />
  <meta name='ocr-capabilities' content='ocr_page ocr_carea ocr_par ocr_line ocrx_word'/>
</head>
<body>
  <div class='ocr_page' id='page_1' title='image "./desedibusetcaus00chaugoog_0284.png"; bbox 0 0 2750 4658; ppageno 0'>
   <div class='ocr_carea' id='block_1_1' title="bbox 128 418 1061 520">
    <p class='ocr_par' dir='ltr' id='par_1_1' title="bbox 128 418 1061 520">
     <span class='ocr_line' id='line_1_1' title="bbox 128 418 1061 520; baseline 0.004 -17"><span class='ocrx_word' id='word_1_1' title='bbox 128 455 201 504; x_wconf 77' lang='lat' dir='ltr'><strong>nra.</strong></span> <span class='ocrx_word' id='word_1_2' title='bbox 228 455 270 502; x_wconf 89' lang='lat'><strong>11.</strong></span> <span class='ocrx_word' id='word_1_3' title='bbox 298 455 345 503; x_wconf 84' lang='lat' dir='ltr'><strong>nn</strong></span> <span class='ocrx_word' id='word_1_4' title='bbox 370 451 507 502; x_wconf 80' lang='lat' dir='ltr'><strong>uoarrs</strong></span> <span class='ocrx_word' id='word_1_5' title='bbox 533 453 725 520; x_wconf 80' lang='lat' dir='ltr'><strong>rnoaacrs,</strong></span> <span class='ocrx_word' id='word_1_6' title='bbox 748 418 861 512; x_wconf 60' lang='lat' dir='ltr'><strong>,narse</strong></span> <span class='ocrx_word' id='word_1_7' title='bbox 889 436 974 506; x_wconf 82' lang='lat' dir='ltr'><strong>xv1.&#39;</strong></span> <span class='ocrx_word' id='word_1_8' title='bbox 991 433 1061 507; x_wconf 80' lang='lat'><strong>285</strong></span> 
     </span>
    </p>
   </div>
   <div class='ocr_carea' id='block_1_2' title="bbox 54 567 1154 3482">
    <p class='ocr_par' dir='ltr' id='par_1_2' title="bbox 54 567 1154 3482">
     <span class='ocr_line' id='line_1_2' title="bbox 55 567 1063 670; baseline 0.003 -29"><span class='ocrx_word' id='word_1_9' title='bbox 55 567 256 659; x_wconf 86' lang='lat' dir='ltr'><strong>lerri,non</strong></span> <span class='ocrx_word' id='word_1_10' title='bbox 268 567 459 654; x_wconf 89' lang='lat' dir='ltr'><strong>dubitant;</strong></span> <span class='ocrx_word' id='word_1_11' title='bbox 473 581 689 670; x_wconf 81' lang='lat' dir='ltr'><strong>quanquam</strong></span> <span class='ocrx_word' id='word_1_12' title='bbox 700 568 767 640; x_wconf 92' lang='lat' dir='ltr'><strong>ubi</strong></span> <span class='ocrx_word' id='word_1_13' title='bbox 778 585 884 642; x_wconf 82' lang='lat' dir='ltr'><strong>certae</strong></span> <span class='ocrx_word' id='word_1_14' title='bbox 893 571 1063 668; x_wconf 77' lang='lat' dir='ltr'><strong>quaedam</strong></span> 
     </span>
     <span class='ocr_line' id='line_1_3' title="bbox 54 684 1063 787; baseline 0.002 -29"><span class='ocrx_word' id='word_1_15' title='bbox 54 687 250 787; x_wconf 88' lang='lat' dir='ltr'><strong>particulae</strong></span> <span class='ocrx_word' id='word_1_16' title='bbox 265 687 306 756; x_wconf 93' lang='lat' dir='ltr'><strong>in</strong></span> <span class='ocrx_word' id='word_1_17' title='bbox 323 684 514 782; x_wconf 87' lang='lat' dir='ltr'><strong>sanguinis</strong></span> <span class='ocrx_word' id='word_1_18' title='bbox 531 708 614 756; x_wconf 91' lang='lat' dir='ltr'><strong>sero</strong></span> <span class='ocrx_word' id='word_1_19' title='bbox 629 685 740 758; x_wconf 90' lang='lat' dir='ltr'><strong>nimis</strong></span> <span class='ocrx_word' id='word_1_20' title='bbox 756 690 976 784; x_wconf 85' lang='lat' dir='ltr'><strong>praevalent,</strong></span> <span class='ocrx_word' id='word_1_21' title='bbox 996 714 1063 761; x_wconf 79' lang='lat' dir='ltr'><strong>ea-</strong></span> 
     </span>
     <span class='ocr_line' id='line_1_4' title="bbox 55 801 1063 902; baseline 0.002 -26"><span class='ocrx_word' id='word_1_22' title='bbox 55 804 144 876; x_wconf 90' lang='lat' dir='ltr'><strong>dem</strong></span> <span class='ocrx_word' id='word_1_23' title='bbox 164 805 306 902; x_wconf 87' lang='lat' dir='ltr'><strong>pariter</strong></span> <span class='ocrx_word' id='word_1_24' title='bbox 321 803 361 873; x_wconf 91' lang='lat' dir='ltr'><strong>in</strong></span> <span class='ocrx_word' id='word_1_25' title='bbox 378 801 529 874; x_wconf 88' lang='lat' dir='ltr'><strong>secretis</strong></span> <span class='ocrx_word' id='word_1_26' title='bbox 548 825 617 898; x_wconf 88' lang='lat' dir='ltr'><strong>per</strong></span> <span class='ocrx_word' id='word_1_27' title='bbox 633 802 828 900; x_wconf 84' lang='lat' dir='ltr'><strong>glandulas</strong></span> <span class='ocrx_word' id='word_1_28' title='bbox 840 803 1063 878; x_wconf 88' lang='lat' dir='ltr'><strong>humoribus</strong></span> 
     </span>
     <span class='ocr_line' id='line_1_5' title="bbox 58 919 1063 1020; baseline 0.001 -26"><span class='ocrx_word' id='word_1_29' title='bbox 58 923 120 994; x_wconf 90' lang='lat' dir='ltr'><strong>ita·</strong></span> <span class='ocrx_word' id='word_1_30' title='bbox 127 922 391 1007; x_wconf 88' lang='lat' dir='ltr'><strong>dominantur,</strong></span> <span class='ocrx_word' id='word_1_31' title='bbox 407 933 450 990; x_wconf 87' lang='lat' dir='ltr'><strong>ut</strong></span> <span class='ocrx_word' id='word_1_32' title='bbox 458 919 571 990; x_wconf 89' lang='lat' dir='ltr'><strong>saliva</strong></span> <span class='ocrx_word' id='word_1_33' title='bbox 579 944 730 1010; x_wconf 88' lang='lat' dir='ltr'><strong>eorum,</strong></span> <span class='ocrx_word' id='word_1_34' title='bbox 748 921 789 992; x_wconf 90' lang='lat' dir='ltr'><strong>in</strong></span> <span class='ocrx_word' id='word_1_35' title='bbox 802 921 940 1020; x_wconf 92' lang='lat' dir='ltr'><strong>quibus</strong></span> <span class='ocrx_word' id='word_1_36' title='bbox 953 947 1063 996; x_wconf 90' lang='lat' dir='ltr'><strong>rencs</strong></span> 
     </span>
     <span class='ocr_line' id='line_1_6' title="bbox 57 1033 1065 1139; baseline 0.001 -30"><span class='ocrx_word' id='word_1_37' title='bbox 57 1039 176 1139; x_wconf 89' lang='lat' dir='ltr'><strong>paulo</strong></span> <span class='ocrx_word' id='word_1_38' title='bbox 192 1038 333 1110; x_wconf 89' lang='lat' dir='ltr'><strong>diutius</strong></span> <span class='ocrx_word' id='word_1_39' title='bbox 347 1035 395 1108; x_wconf 92' lang='lat' dir='ltr'><strong>ab</strong></span> <span class='ocrx_word' id='word_1_40' title='bbox 417 1033 543 1107; x_wconf 86' lang='lat' dir='ltr'><strong>officio</strong></span> <span class='ocrx_word' id='word_1_41' title='bbox 557 1052 745 1110; x_wconf 84' lang='lat' dir='ltr'><strong>cessarant</strong></span> <span class='ocrx_word' id='word_1_42' title='bbox 756 1061 843 1126; x_wconf 93' lang='lat' dir='ltr'><strong>suo,</strong></span> <span class='ocrx_word' id='word_1_43' title='bbox 860 1038 938 1110; x_wconf 92' lang='lat' dir='ltr'><strong>visa</strong></span> <span class='ocrx_word' id='word_1_44' title='bbox 950 1040 996 1112; x_wconf 90' lang='lat' dir='ltr'><strong>sit</strong></span> <span class='ocrx_word' id='word_1_45' title='bbox 1005 1061 1065 1110; x_wconf 91' lang='lat' dir='ltr'><strong>co·</strong></span> 
     </span>
     <span class='ocr_line' id='line_1_7' title="bbox 56 1152 1038 1254; baseline -0.002 -26"><span class='ocrx_word' id='word_1_46' title='bbox 56 1156 158 1244; x_wconf 92' lang='lat' dir='ltr'><strong>lore,</strong></span> <span class='ocrx_word' id='word_1_47' title='bbox 177 1179 327 1254; x_wconf 86' lang='lat' dir='ltr'><strong>sapore,</strong></span> <span class='ocrx_word' id='word_1_48' title='bbox 343 1152 461 1226; x_wconf 88' lang='lat' dir='ltr'><strong>odore</strong></span> <span class='ocrx_word' id='word_1_49' title='bbox 477 1152 575 1224; x_wconf 86' lang='lat' dir='ltr'><strong>nihil</strong></span> <span class='ocrx_word' id='word_1_50' title='bbox 584 1152 631 1224; x_wconf 90' lang='lat' dir='ltr'><strong>ab</strong></span> <span class='ocrx_word' id='word_1_51' title='bbox 643 1154 736 1225; x_wconf 92' lang='lat' dir='ltr'><strong>lotio</strong></span> <span class='ocrx_word' id='word_1_52' title='bbox 747 1153 959 1252; x_wconf 86' lang='lat' dir='ltr'><strong>discrepare</strong></span> <span class='ocrx_word' id='word_1_53' title='bbox 971 1154 1038 1253; x_wconf 84' lang='lat'>(1).</span> 
     </span>
     <span class='ocr_line' id='line_1_8' title="bbox 107 1269 1062 1402; baseline -0.002 -56"><span class='ocrx_word' id='word_1_54' title='bbox 107 1272 241 1364; x_wconf 90' lang='lat' dir='ltr'><strong>Qualis</strong></span> <span class='ocrx_word' id='word_1_55' title='bbox 261 1295 352 1344; x_wconf 87' lang='lat' dir='ltr'><strong>vero</strong></span> <span class='ocrx_word' id='word_1_56' title='bbox 371 1269 579 1344; x_wconf 91' lang='lat' dir='ltr'><strong>secundum</strong></span> <span class='ocrx_word' id='word_1_57' title='bbox 596 1283 774 1343; x_wconf 85' lang='lat' dir='ltr'><strong>naturam</strong></span> <span class='ocrx_word' id='word_1_58' title='bbox 787 1274 833 1344; x_wconf 89' lang='lat' dir='ltr'><strong>sit</strong></span> <span class='ocrx_word' id='word_1_59' title='bbox 849 1274 1062 1402; x_wconf 61' lang='lat' dir='ltr'><strong>aquasperi-</strong></span> 
     </span>
     <span class='ocr_line' id='line_1_9' title="bbox 60 1387 1154 1489; baseline -0.002 -25"><span class='ocrx_word' id='word_1_60' title='bbox 60 1389 198 1478; x_wconf 89' lang='lat' dir='ltr'><strong>cardii,</strong></span> <span class='ocrx_word' id='word_1_61' title='bbox 218 1413 298 1460; x_wconf 91' lang='lat' dir='ltr'><strong>non</strong></span> <span class='ocrx_word' id='word_1_62' title='bbox 311 1402 412 1461; x_wconf 87' lang='lat' dir='ltr'><strong>recte</strong></span> <span class='ocrx_word' id='word_1_63' title='bbox 431 1389 601 1488; x_wconf 84' lang='lat' dir='ltr'><strong>arguitur</strong></span> <span class='ocrx_word' id='word_1_64' title='bbox 625 1413 670 1460; x_wconf 85' lang='lat' dir='ltr'><strong>ex</strong></span> <span class='ocrx_word' id='word_1_65' title='bbox 687 1387 761 1460; x_wconf 92' lang='lat' dir='ltr'><strong>illis</strong></span> <span class='ocrx_word' id='word_1_66' title='bbox 777 1389 989 1462; x_wconf 83' lang='lat' dir='ltr'><strong>Vicusscnii</strong></span> <span class='ocrx_word' id='word_1_67' title='bbox 1006 1390 1062 1489; x_wconf 69' lang='grc' dir='ltr'><strong>(α)</strong></span> <span class='ocrx_word' id='word_1_68' title='bbox 1152 1399 1154 1402; x_wconf 81' lang='grc'><strong>’</strong></span> 
     </span>
     <span class='ocr_line' id='line_1_10' title="bbox 61 1504 1089 1606; baseline -0.003 -27"><span class='ocrx_word' id='word_1_69' title='bbox 61 1506 346 1606; x_wconf 82' lang='lat' dir='ltr'><strong>experimentis,</strong></span> <span class='ocrx_word' id='word_1_70' title='bbox 366 1504 561 1602; x_wconf 92' lang='lat' dir='ltr'><strong>inquibus</strong></span> <span class='ocrx_word' id='word_1_71' title='bbox 578 1530 622 1577; x_wconf 85' lang='lat' dir='ltr'><strong>ex</strong></span> <span class='ocrx_word' id='word_1_72' title='bbox 640 1505 685 1577; x_wconf 90' lang='lat' dir='ltr'><strong>iis</strong></span> <span class='ocrx_word' id='word_1_73' title='bbox 697 1505 764 1602; x_wconf 90' lang='lat' dir='ltr'><strong>qui</strong></span> <span class='ocrx_word' id='word_1_74' title='bbox 779 1505 979 1604; x_wconf 88' lang='lat' dir='ltr'><strong>pericardii</strong></span> <span class='ocrx_word' id='word_1_75' title='bbox 994 1506 1063 1604; x_wconf 90' lang='lat' dir='ltr'><strong>hy·</strong></span> <span class='ocrx_word' id='word_1_76' title='bbox 1087 1596 1089 1600; x_wconf 11' lang='lat' dir='ltr'>y</span> 
     </span>
     <span class='ocr_line' id='line_1_11' title="bbox 60 1620 1060 1722; baseline -0.001 -26"><span class='ocrx_word' id='word_1_77' title='bbox 60 1624 180 1722; x_wconf 93' lang='lat' dir='ltr'><strong>drope</strong></span> <span class='ocrx_word' id='word_1_78' title='bbox 196 1623 261 1695; x_wconf 91' lang='lat' dir='ltr'><strong>diu</strong></span> <span class='ocrx_word' id='word_1_79' title='bbox 271 1620 549 1711; x_wconf 77' lang='lat' dir='ltr'><strong>laboraverant,</strong></span> <span class='ocrx_word' id='word_1_80' title='bbox 559 1636 768 1719; x_wconf 85' lang='lat' dir='ltr'><strong>acceptam,</strong></span> <span class='ocrx_word' id='word_1_81' title='bbox 782 1637 847 1694; x_wconf 89' lang='lat' dir='ltr'><strong>aut</strong></span> <span class='ocrx_word' id='word_1_82' title='bbox 858 1623 906 1694; x_wconf 88' lang='lat' dir='ltr'><strong>ad</strong></span> <span class='ocrx_word' id='word_1_83' title='bbox 917 1625 1060 1722; x_wconf 86' lang='lat' dir='ltr'><strong>ignem,</strong></span> 
     </span>
     <span class='ocr_line' id='line_1_12' title="bbox 59 1737 1064 1840; baseline -0.002 -25"><span class='ocrx_word' id='word_1_84' title='bbox 59 1758 123 1815; x_wconf 89' lang='lat' dir='ltr'><strong>aut</strong></span> <span class='ocrx_word' id='word_1_85' title='bbox 139 1767 209 1840; x_wconf 92' lang='lat' dir='ltr'><strong>per</strong></span> <span class='ocrx_word' id='word_1_86' title='bbox 228 1765 267 1814; x_wconf 88' lang='lat' dir='ltr'><strong>se</strong></span> <span class='ocrx_word' id='word_1_87' title='bbox 288 1741 419 1827; x_wconf 89' lang='lat' dir='ltr'><strong>etiam,</strong></span> <span class='ocrx_word' id='word_1_88' title='bbox 445 1737 540 1809; x_wconf 89' lang='lat' dir='ltr'><strong>vidit</strong></span> <span class='ocrx_word' id='word_1_89' title='bbox 558 1738 764 1836; x_wconf 84' lang='lat' dir='ltr'><strong>coagulari,</strong></span> <span class='ocrx_word' id='word_1_90' title='bbox 791 1763 877 1809; x_wconf 83' lang='lat' dir='ltr'><strong>curn</strong></span> <span class='ocrx_word' id='word_1_91' title='bbox 898 1740 1064 1814; x_wconf 89' lang='lat' dir='ltr'><strong>tinctura</strong></span> 
     </span>
     <span class='ocr_line' id='line_1_13' title="bbox 60 1854 1064 1946; baseline -0.004 -13"><span class='ocrx_word' id='word_1_92' title='bbox 60 1875 185 1933; x_wconf 88' lang='lat' dir='ltr'><strong>autem</strong></span> <span class='ocrx_word' id='word_1_93' title='bbox 211 1857 350 1930; x_wconf 86' lang='lat' dir='ltr'><strong>florum</strong></span> <span class='ocrx_word' id='word_1_94' title='bbox 372 1855 502 1928; x_wconf 82' lang='lat' dir='ltr'><strong>malvae</strong></span> <span class='ocrx_word' id='word_1_95' title='bbox 520 1855 775 1943; x_wconf 86' lang='lat' dir='ltr'><strong>commistam,</strong></span> <span class='ocrx_word' id='word_1_96' title='bbox 802 1854 1005 1946; x_wconf 84' lang='lat' dir='ltr'><strong>virescere,</strong></span> <span class='ocrx_word' id='word_1_97' title='bbox 1025 1872 1064 1929; x_wconf 91' lang='lat' dir='ltr'><strong>et</strong></span> 
     </span>
     <span class='ocr_line' id='line_1_14' title="bbox 62 1971 1065 2074; baseline -0.006 -24"><span class='ocrx_word' id='word_1_98' title='bbox 62 1977 115 2050; x_wconf 88' lang='lat' dir='ltr'><strong>sal</strong></span> <span class='ocrx_word' id='word_1_99' title='bbox 131 1975 296 2074; x_wconf 88' lang='lat' dir='ltr'><strong>denique</strong></span> <span class='ocrx_word' id='word_1_100' title='bbox 313 1973 360 2046; x_wconf 90' lang='lat' dir='ltr'><strong>ab</strong></span> <span class='ocrx_word' id='word_1_101' title='bbox 370 1973 451 2072; x_wconf 87' lang='lat' dir='ltr'><strong>ipsa</strong></span> <span class='ocrx_word' id='word_1_102' title='bbox 462 1972 659 2060; x_wconf 90' lang='lat' dir='ltr'><strong>eductum,</strong></span> <span class='ocrx_word' id='word_1_103' title='bbox 672 1971 878 2070; x_wconf 90' lang='lat' dir='ltr'><strong>spiritibus,</strong></span> <span class='ocrx_word' id='word_1_104' title='bbox 890 1997 985 2071; x_wconf 93' lang='lat' dir='ltr'><strong>quos</strong></span> <span class='ocrx_word' id='word_1_105' title='bbox 998 1997 1065 2044; x_wconf 91' lang='lat' dir='ltr'><strong>vo-</strong></span> 
     </span>
     <span class='ocr_line' id='line_1_15' title="bbox 62 2087 1065 2188; baseline -0.002 -22"><span class='ocrx_word' id='word_1_106' title='bbox 62 2107 165 2182; x_wconf 89' lang='lat' dir='ltr'><strong>cant,</strong></span> <span class='ocrx_word' id='word_1_107' title='bbox 185 2093 301 2165; x_wconf 90' lang='lat' dir='ltr'><strong>acidis</strong></span> <span class='ocrx_word' id='word_1_108' title='bbox 319 2093 361 2162; x_wconf 92' lang='lat' dir='ltr'><strong>in</strong></span> <span class='ocrx_word' id='word_1_109' title='bbox 381 2087 708 2162; x_wconf 81' lang='lat' dir='ltr'><strong>fermentationem</strong></span> <span class='ocrx_word' id='word_1_110' title='bbox 733 2090 833 2161; x_wconf 87' lang='lat' dir='ltr'><strong>cieri.</strong></span> <span class='ocrx_word' id='word_1_111' title='bbox 860 2093 919 2162; x_wconf 89' lang='lat' dir='ltr'><strong>Sic</strong></span> <span class='ocrx_word' id='word_1_112' title='bbox 939 2115 1065 2188; x_wconf 85' lang='lat' dir='ltr'><strong>neque</strong></span> 
     </span>
     <span class='ocr_line' id='line_1_16' title="bbox 63 2205 1065 2310; baseline -0.004 -26"><span class='ocrx_word' id='word_1_113' title='bbox 63 2235 134 2310; x_wconf 84' lang='lat' dir='ltr'><strong>ego</strong></span> <span class='ocrx_word' id='word_1_114' title='bbox 151 2235 197 2282; x_wconf 87' lang='lat' dir='ltr'><strong>ex</strong></span> <span class='ocrx_word' id='word_1_115' title='bbox 207 2209 384 2282; x_wconf 82' lang='lat' dir='ltr'><strong>Valsalvae</strong></span> <span class='ocrx_word' id='word_1_116' title='bbox 400 2207 659 2307; x_wconf 85' lang='lat' dir='ltr'><strong>experimento</strong></span> <span class='ocrx_word' id='word_1_117' title='bbox 675 2205 742 2304; x_wconf 81' lang='lat'><strong>(3),</strong></span> <span class='ocrx_word' id='word_1_118' title='bbox 759 2207 799 2277; x_wconf 92' lang='lat' dir='ltr'><strong>in</strong></span> <span class='ocrx_word' id='word_1_119' title='bbox 817 2231 907 2304; x_wconf 94' lang='lat' dir='ltr'><strong>quo,</strong></span> <span class='ocrx_word' id='word_1_120' title='bbox 920 2208 1065 2306; x_wconf 88' lang='lat' dir='ltr'><strong>aquain</strong></span> 
     </span>
     <span class='ocr_line' id='line_1_17' title="bbox 63 2324 1066 2424; baseline -0.002 -24"><span class='ocrx_word' id='word_1_121' title='bbox 63 2327 231 2424; x_wconf 89' lang='lat' dir='ltr'><strong>ejusdem</strong></span> <span class='ocrx_word' id='word_1_122' title='bbox 265 2324 454 2399; x_wconf 89' lang='lat' dir='ltr'><strong>cadaveris</strong></span> <span class='ocrx_word' id='word_1_123' title='bbox 480 2324 633 2397; x_wconf 88' lang='lat' dir='ltr'><strong>thorace</strong></span> <span class='ocrx_word' id='word_1_124' title='bbox 660 2337 698 2396; x_wconf 91' lang='lat' dir='ltr'><strong>et</strong></span> <span class='ocrx_word' id='word_1_125' title='bbox 724 2324 935 2422; x_wconf 89' lang='lat' dir='ltr'><strong>pericardio</strong></span> <span class='ocrx_word' id='word_1_126' title='bbox 970 2339 1066 2424; x_wconf 85' lang='lat' dir='ltr'><strong>stag·</strong></span> 
     </span>
     <span class='ocr_line' id='line_1_18' title="bbox 60 2442 1066 2542; baseline 0.001 -26"><span class='ocrx_word' id='word_1_127' title='bbox 60 2458 193 2533; x_wconf 90' lang='lat' dir='ltr'><strong>nante,</strong></span> <span class='ocrx_word' id='word_1_128' title='bbox 213 2443 315 2516; x_wconf 89' lang='lat' dir='ltr'><strong>illius</strong></span> <span class='ocrx_word' id='word_1_129' title='bbox 339 2442 493 2540; x_wconf 92' lang='lat' dir='ltr'><strong>quidem</strong></span> <span class='ocrx_word' id='word_1_130' title='bbox 516 2443 733 2541; x_wconf 89' lang='lat' dir='ltr'><strong>portionem</strong></span> <span class='ocrx_word' id='word_1_131' title='bbox 753 2443 963 2539; x_wconf 83' lang='lat' dir='ltr'><strong>conspexit,</strong></span> <span class='ocrx_word' id='word_1_132' title='bbox 986 2444 1066 2542; x_wconf 83' lang='lat' dir='ltr'><strong>igni</strong></span> 
     </span>
     <span class='ocr_line' id='line_1_19' title="bbox 61 2558 1065 2660; baseline 0 -28"><span class='ocrx_word' id='word_1_133' title='bbox 61 2561 295 2660; x_wconf 89' lang='lat' dir='ltr'><strong>impositam,</strong></span> <span class='ocrx_word' id='word_1_134' title='bbox 312 2561 566 2650; x_wconf 85' lang='lat' dir='ltr'><strong>concrevisse,</strong></span> <span class='ocrx_word' id='word_1_135' title='bbox 585 2558 699 2655; x_wconf 88' lang='lat' dir='ltr'><strong>hujus</strong></span> <span class='ocrx_word' id='word_1_136' title='bbox 714 2569 850 2632; x_wconf 85' lang='lat' dir='ltr'><strong>a&#39;utem</strong></span> <span class='ocrx_word' id='word_1_137' title='bbox 874 2585 954 2631; x_wconf 91' lang='lat' dir='ltr'><strong>non</strong></span> <span class='ocrx_word' id='word_1_138' title='bbox 972 2585 1065 2632; x_wconf 89' lang='lat' dir='ltr'><strong>con-</strong></span> 
     </span>
     <span class='ocr_line' id='line_1_20' title="bbox 61 2676 1063 2775; baseline -0.001 -25"><span class='ocrx_word' id='word_1_139' title='bbox 61 2680 239 2767; x_wconf 86' lang='lat' dir='ltr'><strong>crevisse,</strong></span> <span class='ocrx_word' id='word_1_140' title='bbox 267 2692 368 2750; x_wconf 85' lang='lat' dir='ltr'><strong>recte</strong></span> <span class='ocrx_word' id='word_1_141' title='bbox 385 2701 582 2775; x_wconf 83' lang='lat' dir='ltr'><strong>arguerem</strong></span> <span class='ocrx_word' id='word_1_142' title='bbox 606 2676 807 2749; x_wconf 90' lang='lat' dir='ltr'><strong>humorem</strong></span> <span class='ocrx_word' id='word_1_143' title='bbox 826 2701 904 2774; x_wconf 91' lang='lat' dir='ltr'><strong>quo</strong></span> <span class='ocrx_word' id='word_1_144' title='bbox 927 2701 1063 2750; x_wconf 90' lang='lat' dir='ltr'><strong>secun-</strong></span> 
     </span>
     <span class='ocr_line' id='line_1_21' title="bbox 62 2793 1066 2894; baseline 0.002 -26"><span class='ocrx_word' id='word_1_145' title='bbox 62 2797 155 2869; x_wconf 92' lang='lat' dir='ltr'><strong>dum</strong></span> <span class='ocrx_word' id='word_1_146' title='bbox 177 2809 352 2870; x_wconf 88' lang='lat' dir='ltr'><strong>naturam</strong></span> <span class='ocrx_word' id='word_1_147' title='bbox 377 2808 460 2868; x_wconf 90' lang='lat' dir='ltr'><strong>tum</strong></span> <span class='ocrx_word' id='word_1_148' title='bbox 482 2793 596 2882; x_wconf 91' lang='lat' dir='ltr'><strong>illud,</strong></span> <span class='ocrx_word' id='word_1_149' title='bbox 620 2808 701 2868; x_wconf 91' lang='lat' dir='ltr'><strong>tum</strong></span> <span class='ocrx_word' id='word_1_150' title='bbox 724 2794 798 2866; x_wconf 92' lang='lat' dir='ltr'><strong>hoc</strong></span> <span class='ocrx_word' id='word_1_151' title='bbox 822 2819 954 2868; x_wconf 91' lang='lat' dir='ltr'><strong>cavum</strong></span> <span class='ocrx_word' id='word_1_152' title='bbox 978 2797 1066 2894; x_wconf 93' lang='lat' dir='ltr'><strong>plus</strong></span> 
     </span>
     <span class='ocr_line' id='line_1_22' title="bbox 62 2910 1065 3010; baseline 0 -26"><span class='ocrx_word' id='word_1_153' title='bbox 62 2915 233 2986; x_wconf 89' lang='lat' dir='ltr'><strong>minusve</strong></span> <span class='ocrx_word' id='word_1_154' title='bbox 252 2910 404 2985; x_wconf 89' lang='lat' dir='ltr'><strong>madere</strong></span> <span class='ocrx_word' id='word_1_155' title='bbox 421 2912 650 3000; x_wconf 85' lang='lat' dir='ltr'><strong>invenimus,</strong></span> <span class='ocrx_word' id='word_1_156' title='bbox 664 2911 778 2983; x_wconf 88' lang='lat' dir='ltr'><strong>alium</strong></span> <span class='ocrx_word' id='word_1_157' title='bbox 798 2913 839 2982; x_wconf 92' lang='lat' dir='ltr'><strong>in</strong></span> <span class='ocrx_word' id='word_1_158' title='bbox 859 2911 934 2982; x_wconf 92' lang='lat' dir='ltr'><strong>hoc</strong></span> <span class='ocrx_word' id='word_1_159' title='bbox 951 2926 1065 3010; x_wconf 90' lang='lat' dir='ltr'><strong>atque</strong></span> 
     </span>
     <span class='ocr_line' id='line_1_23' title="bbox 62 3027 1065 3126; baseline -0.001 -25"><span class='ocrx_word' id='word_1_160' title='bbox 62 3032 102 3102; x_wconf 90' lang='lat' dir='ltr'><strong>in</strong></span> <span class='ocrx_word' id='word_1_161' title='bbox 130 3029 198 3102; x_wconf 92' lang='lat' dir='ltr'><strong>illo</strong></span> <span class='ocrx_word' id='word_1_162' title='bbox 221 3053 312 3106; x_wconf 86' lang='lat' dir='ltr'><strong>esse.</strong></span> <span class='ocrx_word' id='word_1_163' title='bbox 335 3027 484 3100; x_wconf 86' lang='lat' dir='ltr'><strong>Scilicet</strong></span> <span class='ocrx_word' id='word_1_164' title='bbox 504 3052 575 3126; x_wconf 94' lang='lat' dir='ltr'><strong>pro</strong></span> <span class='ocrx_word' id='word_1_165' title='bbox 599 3029 804 3100; x_wconf 88' lang='lat' dir='ltr'><strong>variatum</strong></span> <span class='ocrx_word' id='word_1_166' title='bbox 830 3052 956 3117; x_wconf 87' lang='lat' dir='ltr'><strong>mora,</strong></span> <span class='ocrx_word' id='word_1_167' title='bbox 984 3043 1065 3100; x_wconf 90' lang='lat' dir='ltr'><strong>tum</strong></span> 
     </span>
     <span class='ocr_line' id='line_1_24' title="bbox 61 3144 1066 3245; baseline -0.004 -25"><span class='ocrx_word' id='word_1_168' title='bbox 61 3146 238 3220; x_wconf 87' lang='lat' dir='ltr'><strong>morbida</strong></span> <span class='ocrx_word' id='word_1_169' title='bbox 247 3146 438 3245; x_wconf 84' lang='lat' dir='ltr'><strong>sanguinis</strong></span> <span class='ocrx_word' id='word_1_170' title='bbox 454 3159 491 3216; x_wconf 92' lang='lat' dir='ltr'><strong>et</strong></span> <span class='ocrx_word' id='word_1_171' title='bbox 501 3145 687 3218; x_wconf 86' lang='lat' dir='ltr'><strong>viscerum</strong></span> <span class='ocrx_word' id='word_1_172' title='bbox 702 3145 970 3217; x_wconf 86' lang='lat' dir='ltr'><strong>constitutione</strong></span> <span class='ocrx_word' id='word_1_173' title='bbox 987 3144 1066 3232; x_wconf 87' lang='lat' dir='ltr'><strong>haec</strong></span> 
     </span>
     <span class='ocr_line' id='line_1_25' title="bbox 62 3261 1067 3359; baseline -0.002 -21"><span class='ocrx_word' id='word_1_174' title='bbox 62 3265 213 3354; x_wconf 88' lang='lat' dir='ltr'><strong>variari,</strong></span> <span class='ocrx_word' id='word_1_175' title='bbox 221 3289 301 3336; x_wconf 90' lang='lat' dir='ltr'><strong>non</strong></span> <span class='ocrx_word' id='word_1_176' title='bbox 309 3263 405 3334; x_wconf 86' lang='lat' dir='ltr'><strong>ratio</strong></span> <span class='ocrx_word' id='word_1_177' title='bbox 416 3262 539 3336; x_wconf 92' lang='lat' dir='ltr'><strong>solum</strong></span> <span class='ocrx_word' id='word_1_178' title='bbox 548 3261 778 3351; x_wconf 90' lang='lat' dir='ltr'><strong>indicat,sed</strong></span> <span class='ocrx_word' id='word_1_179' title='bbox 786 3277 823 3333; x_wconf 91' lang='lat' dir='ltr'><strong>et</strong></span> <span class='ocrx_word' id='word_1_180' title='bbox 835 3262 1008 3359; x_wconf 88' lang='lat' dir='ltr'><strong>plurima,</strong></span> <span class='ocrx_word' id='word_1_181' title='bbox 1024 3278 1067 3336; x_wconf 83' lang='lat' dir='ltr'><strong>ut</strong></span> 
     </span>
     <span class='ocr_line' id='line_1_26' title="bbox 65 3379 1066 3482; baseline -0.002 -29"><span class='ocrx_word' id='word_1_182' title='bbox 65 3384 105 3454; x_wconf 94' lang='lat' dir='ltr'><strong>in</strong></span> <span class='ocrx_word' id='word_1_183' title='bbox 116 3396 224 3482; x_wconf 90' lang='lat' dir='ltr'><strong>parte</strong></span> <span class='ocrx_word' id='word_1_184' title='bbox 236 3380 413 3455; x_wconf 85' lang='lat' dir='ltr'><strong>Valsalvae</strong></span> <span class='ocrx_word' id='word_1_185' title='bbox 426 3404 580 3479; x_wconf 88' lang='lat' dir='ltr'><strong>quoque</strong></span> <span class='ocrx_word' id='word_1_186' title='bbox 599 3379 719 3452; x_wconf 89' lang='lat' dir='ltr'><strong>nostri</strong></span> <span class='ocrx_word' id='word_1_187' title='bbox 737 3380 992 3478; x_wconf 86' lang='lat' dir='ltr'><strong>experimenta</strong></span> <span class='ocrx_word' id='word_1_188' title='bbox 1012 3380 1066 3480; x_wconf 75' lang='grc'><strong>(4)</strong></span> 
     </span>
    </p>
   </div>
   <div class='ocr_carea' id='block_1_3' title="bbox 104 3693 602 4073">
    <p class='ocr_par' dir='ltr' id='par_1_3' title="bbox 104 3693 506 3774">
     <span class='ocr_line' id='line_1_27' title="bbox 104 3693 506 3774; baseline -0.007 -20"><span class='ocrx_word' id='word_1_189' title='bbox 104 3695 150 3774; x_wconf 89' lang='lat'><strong>(1)</strong></span> <span class='ocrx_word' id='word_1_190' title='bbox 169 3696 241 3754; x_wconf 85' lang='lat' dir='ltr'><strong>vid.</strong></span> <span class='ocrx_word' id='word_1_191' title='bbox 254 3695 349 3772; x_wconf 84' lang='lat' dir='ltr'><strong>Epist.</strong></span> <span class='ocrx_word' id='word_1_192' title='bbox 366 3701 418 3768; x_wconf 75' lang='lat'><strong>41,</strong></span> <span class='ocrx_word' id='word_1_193' title='bbox 430 3711 461 3751; x_wconf 90' lang='lat' dir='ltr'><strong>n.</strong></span> <span class='ocrx_word' id='word_1_194' title='bbox 478 3693 506 3752; x_wconf 81' lang='lat'><strong>5.</strong></span> 
     </span>
    </p>

    <p class='ocr_par' dir='ltr' id='par_1_4' title="bbox 104 3791 602 3973">
     <span class='ocr_line' id='line_1_28' title="bbox 105 3791 602 3873; baseline -0.008 -17"><span class='ocrx_word' id='word_1_195' title='bbox 105 3793 151 3873; x_wconf 83' lang='lat' dir='ltr'><strong>(a)</strong></span> <span class='ocrx_word' id='word_1_196' title='bbox 171 3791 228 3854; x_wconf 86' lang='lat' dir='ltr'><strong>Ch.</strong></span> <span class='ocrx_word' id='word_1_197' title='bbox 244 3795 339 3867; x_wconf 83' lang='lat' dir='ltr'><strong>1,eit.</strong></span> <span class='ocrx_word' id='word_1_198' title='bbox 353 3813 445 3872; x_wconf 79' lang='lat' dir='ltr'><strong>supra</strong></span> <span class='ocrx_word' id='word_1_199' title='bbox 456 3795 496 3854; x_wconf 86' lang='lat' dir='ltr'><strong>ad</strong></span> <span class='ocrx_word' id='word_1_200' title='bbox 511 3814 542 3853; x_wconf 89' lang='lat' dir='ltr'><strong>n.</strong></span> <span class='ocrx_word' id='word_1_201' title='bbox 555 3801 602 3864; x_wconf 71' lang='lat' dir='ltr'><strong>at.</strong></span> 
     </span>
     <span class='ocr_line' id='line_1_29' title="bbox 104 3893 483 3973; baseline -0.008 -20"><span class='ocrx_word' id='word_1_202' title='bbox 104 3893 150 3973; x_wconf 78' lang='grc'><strong>(3)</strong></span> <span class='ocrx_word' id='word_1_203' title='bbox 170 3893 240 3952; x_wconf 88' lang='lat' dir='ltr'><strong>Vid.</strong></span> <span class='ocrx_word' id='word_1_204' title='bbox 258 3911 392 3970; x_wconf 85' lang='lat' dir='ltr'><strong>supran.</strong></span> <span class='ocrx_word' id='word_1_205' title='bbox 409 3912 436 3966; x_wconf 77' lang='lat' dir='ltr'><strong>a.</strong></span> <span class='ocrx_word' id='word_1_206' title='bbox 480 3943 483 3950; x_wconf 90' lang='lat'><em>.</em></span> 
     </span>
    </p>

    <p class='ocr_par' dir='ltr' id='par_1_5' title="bbox 107 3991 538 4073">
     <span class='ocr_line' id='line_1_30' title="bbox 107 3991 538 4073; baseline -0.026 -11"><span class='ocrx_word' id='word_1_207' title='bbox 107 3991 152 4073; x_wconf 76' lang='grc'><strong>(4)</strong></span> <span class='ocrx_word' id='word_1_208' title='bbox 168 3993 239 4054; x_wconf 81' lang='lat' dir='ltr'><strong>vid.</strong></span> <span class='ocrx_word' id='word_1_209' title='bbox 254 4011 360 4072; x_wconf 84' lang='lat' dir='ltr'><strong>supra,</strong></span> <span class='ocrx_word' id='word_1_210' title='bbox 372 4013 404 4053; x_wconf 90' lang='lat' dir='ltr'><strong>n.</strong></span> <span class='ocrx_word' id='word_1_211' title='bbox 419 3994 478 4054; x_wconf 85' lang='lat' dir='ltr'><strong>6et</strong></span> <span class='ocrx_word' id='word_1_212' title='bbox 493 4013 538 4052; x_wconf 85' lang='grc' dir='ltr'><strong>ιο.</strong></span> 
     </span>
    </p>
   </div>
   <div class='ocr_carea' id='block_1_4' title="bbox 0 0 1385 4658">
    <p class='ocr_par' dir='ltr' id='par_1_6' title="bbox 0 0 1385 4658">
     <span class='ocr_line' id='line_1_31' title="bbox 0 0 1385 4658; baseline 0 0"><span class='ocrx_word' id='word_1_213' title='bbox 0 0 1385 4658; x_wconf 95' lang='lat' dir='ltr'><strong> </strong></span> 
     </span>
    </p>
   </div>
  </div>
 </body>
</html>
