2832 4662
186 471 251 521 mn.
280 469 320 518 n.
350 472 396 518 na
423 469 915 535 uonnrsrnonacrs,nr1sr.
942 472 1015 521 xrx.
1045 451 1132 551 517¹

117 588 257 660 visurus
268 585 451 685 quamdiu
463 587 501 656 in
512 610 610 683 aqua
617 586 787 658 viverent
795 640 806 674 ‚
820 587 885 660 sed
898 591 1116 688 praesertim,
1205 675 1207 678 Ι

118 727 196 775 cum
217 705 382 802 denique
391 717 554 775 mortuae
572 719 713 794 essent,
733 703 826 803 quid
844 731 949 803 aquae
963 708 1003 780 in
1022 733 1117 780 ven-

117 822 259 911 tricul0,
271 837 307 894 et
318 820 565 921 pulmonibus
576 820 769 893 haberent.
785 822 904 918 Igitur
911 821 1017 914 duas,
1028 840 1116 898 ante

116 938 311 1012 duodecim
322 925 683 1028 horas'editasmum
691 941 816 1012 vivere
827 941 866 1011 in
878 967 974 1040 aqua
982 959 1117 1016 natan=

115 1070 166 1128 tes
184 1072 354 1129 octavam
369 1057 446 1154 jam
466 1056 614 1127 circiter
629 1054 731 1125 horae
748 1071 909 1154 partem,
929 1058 1115 1152 viderem3

116 1189 308 1270 pertaesum
332 1188 386 1245 est
402 1197 533 1259 morae,
552 1173 721 1270 jussique
741 1173 878 1271 mergi,
895 1190 933 1246 et
950 1177 1001 1248 sic
1012 1203 1115 1251 mer·

115 1313 168 1363 sas
183 1292 348 1365 retineri.
364 1289 475 1380 Quod
491 1314 578 1361 cum
597 1290 819 1393 aliquandiu
842 1289 982 1367 factum
1001 1311 1115 1387 esset,

113 1434 198 1482 mox
208 1410 286 1482 vidi
298 1411 376 1482 sine
386 1408 465 1480 ullo
479 1422 585 1480 motu
595 1409 635 1479 in
648 1433 793 1481 summa
803 1434 900 1508 aqua
909 1431 1116 1501 manentes,

113 1543 153 1599 ut
169 1529 325 1600 omnino
342 1525 589 1600 crederentur
603 1528 782 1600 extinctu.
801 1527 873 1599 Sed
893 1553 980 1600 cum
999 1531 1116 1604 altera

112 1643 162 1716 ihi
180 1646 330 1732 relicta,
359 1644 512 1716 alteram
534 1643 771 1732 dissecarem,
788 1645 904 1718 totius
923 1649 1114 1744 corporis,

113 1775 148 1832 et
167 1761 292 1834 cordis
317 1761 539 1860 praesertim,
561 1776 686 1832 motus
712 1762 966 1836 animadverti.
1000 1767 1113 1835 Caete-

112 1905 196 1951 rum
206 1905 330 1978 neque
338 1880 376 1950 in
387 1873 520 1976 hujus,
534 1881 709 1978 nequein
717 1880 884 1970 alterius,
903 1880 1112 1980 paulo-post

112 2012 282 2084 mortuae,
295 1996 505 2067 ventriculo
522 1994 745 2093 quidquam,
764 1997 838 2068 nisi
853 1997 910 2068 lac
927 1999 1113 2070 semicon-

114 2127 259 2224 cretum
277 2113 422 2204 inveni,
441 2127 483 2184 ut
496 2136 644 2186 caseum
662 2113 926 2186 secundarium
943 2112 1112 2188 referret,
1134 2205 1138 2212 Ι

114 2231 185 2302 Sed
194 2231 600 2329 utriusquepulmones
608 2256 695 2302 cum
704 2232 909 2330 aspicerem
919 2245 1018 2304 totos
1028 2255 1114 2305 con-

114 2345 318 2428 fertissimis
331 2347 484 2422 bullulis
497 2349 648 2447 plenos,
665 2373 733 2448 per
749 2346 1007 2422 membranam
1021 2351 1113 2422 exti-

114 2489 214 2536 mam
229 2466 559 2554 translucentibus,
574 2481 676 2538 ratus
689 2490 757 2564 per
771 2466 981 2566 laryngem,
998 2491 1113 2565 quam

111 2583 328 2683 epiglottide
340 2611 420 2657 non
439 2586 626 2657 occlusam
641 2586 877 2674 inveneram,
897 2609 1033 2684 aquam
1051 2609 1113 2657 su-

111 2699 234 2791 biisse,
242 2701 464 2775 dissectione
473 2728 554 2775 rem
562 2701 992 2802 confirmavi3plurimus
1000 2705 1112 2792 enim,

113 2816 374 2916 exprimendo,
395 2843 463 2918 per
481 2821 663 2892 sectiones
681 2819 822 2891 humor
833 2821 945 2890 exivit
961 2845 1113 2918 spumo-

113 2959 191 3026 sus,
208 2961 287 3034 quo
303 2937 504 3035 pulmones
522 2937 673 3009 distenti
685 2951 801 3007 erant.
811 2937 982 3007 Totidem
1002 2935 1113 3025 feles,

112 3070 198 3126 ante
219 3054 332 3127 horas
355 3053 471 3128 ferme
493 3053 739 3152 quadraginta
759 3068 882 3140 natas,
907 3075 978 3123 nec
999 3075 1117 3120 manu

102 3170 348 3260 submersas,
364 3170 440 3270 sed
462 3168 607 3242 tamdiu
626 3169 666 3239 in
690 3192 786 3266 aqua
802 3168 949 3237 relictas
976 3165 1116 3253 donec,

113 3289 222 3388 quod
239 3314 318 3361 non
338 3289 433 3362 adeo
451 3289 566 3387 longo
582 3302 754 3384 tempore
772 3282 911 3356 factum
927 3299 1119 3381 est,pr0r-

115 3431 179 3482 sus
196 3421 351 3479 morture
367 3405 603 3492 viderentur,
619 3427 743 3476 secare
756 3423 970 3500 aggressus,
984 3402 1053 3474 etsi
1066 3401 1117 3472 al·

113 3539 237 3598 teram
257 3523 456 3611 duntaxat,
475 3545 557 3618 quae
583 3520 776 3618 aliquanto
796 3518 935 3592 diutius
960 3522 1000 3592 in
1024 3543 1121 3617 aqua

117 3642 252 3733 luerat,
262 3667 393 3742 reapse
405 3657 593 3714 mortuam
606 3642 750 3730 inveni,
768 3641 809 3712 iu
822 3654 982 3738 utraque
997 3653 1122 3708 tamen

117 3760 201 3832 illas
219 3785 289 3859 per
306 3775 407 3832 totos
424 3760 624 3858 pulmones
644 3757 807 3831 bullulas
822 3757 918 3845 vidi,
949 3752 1013 3827 sed
1039 3775 1123 3823 aere

118 3877 190 3948 hos
216 3878 352 3976 magis,
385 3903 498 3976 quam
524 3876 685 3946 humore
709 3876 843 3973 plenos
875 3868 1120 3970 deprehendi.

119 3995 364 4069 Ventriculus
382 4010 507 4069 autem
530 3992 629 4065 illius
656 4017 738 4090 quae
766 3991 942 4064 semiviva
970 3987 1126 4060 dissecta
