2812 4660
289 404 361 479 336
452 425 499 472 uc
525 421 671 472 sumnus
694 421 740 468 rr
765 420 890 470 causis
914 420 1126 472 aoaconurt

288 545 390 614 tione
415 537 524 610 avelli
547 561 627 610 uon
654 551 792 634 posset.
823 535 1007 634 Polyposa
1030 539 1229 610 concretio
1252 561 1293 614 cx

289 661 439 732 sinistro
461 655 585 728 cordis
605 654 816 726 ventriculo
830 670 931 742 orta,
943 653 1017 724 hoc
1032 673 1294 752 aucurysmate
1394 655 1395 718 l

289 775 564 850 continebatur.
584 777 630 842 In
653 773 804 844 sinistro
821 770 988 844 thoracis
1004 793 1118 866 cavo,
1137 776 1215 849 seri
1231 776 1295 848 ali·

288 894 381 994 quid
415 890 631 990 stagnabat,
659 913 894 988 magnusque
930 904 1110 988 praterea
1142 917 1295 990 grumas

289 1013 499 1112 sanguinis,
514 1012 581 1107 qui
595 1035 640 1080 cx
654 1022 769 1107 rupto
784 1006 950 1082 fortassis
967 1025 1234 1106 aneurysmate
1247 1009 1295 1084 el·

288 1131 464 1202 fluxerat:
479 1151 698 1226 quanquam
716 1143 883 1225 rupture
892 1127 1089 1226 vestigium
1106 1152 1294 1226 nusquam

173 1270 175 1276 ’
287 1249 462 1348 apparuit
475 1242 724 1316 manifestum.

343 1367 397 1437 18.
418 1365 532 1438 Nullo
555 1359 710 1436 fortasse
728 1363 768 1433 in
785 1358 988 1434 hominurn
1005 1388 1144 1462 gauere
1165 1366 1295 1464 saepius
1395 1369 1396 1424 l

288 1485 431 1556 arterias
454 1505 597 1580 magnac
617 1495 879 1577 aneurysmata
897 1505 968 1578 ego
987 1495 1024 1552 et
1047 1482 1162 1565 arnici
1188 1503 1294 1556 cous·

288 1604 480 1701 peximus,
505 1624 619 1698 quam
642 1599 683 1671 in
706 1598 880 1686 cisiariis,
903 1601 971 1695 qui
992 1598 1039 1670 ab
1062 1600 1294 1674 nostratibus

291 1725 478 1792 Vetturc'ni
510 1717 712 1805 dicuntur,
744 1715 968 1805 veredariis,
1002 1717 1161 1816 aliisque
1197 1743 1293 1816 equo

287 1853 386 1938 pene
401 1836 546 1910 assidua
564 1833 827 1908 insidentibus.
849 1832 927 1906 Nec
944 1836 1084 1908 mirum
1099 1861 1110 1925 3
1128 1861 1222 1908 nam
1238 1837 1293 1909 rel
1396 1845 1397 1866 ³

288 1957 429 2038 cacteris
454 1953 594 2051 quibus
611 1977 649 2024 se
671 1967 888 2052 exponunt,
908 1975 1034 2044 casus,
1052 1955 1177 2041 nisuS,
1201 1957 1293 2028 acris

288 2073 436 2170 injuriis
454 2072 623 2160 omissis,
641 2071 757 2141 nimia
773 2070 853 2168 ipsa
868 2073 1069 2144 concussio
1084 2086 1122 2143 ct
1141 2095 1291 2146 succus-

288 2193 381 2265 satio
401 2189 489 2260 binc
515 2204 662 2261 motum
682 2190 873 2287 sanguinis
896 2189 1146 2279 concitando,
1166 2207 1210 2264 »et
1233 2218 1292 2291 pa·

286 2562 396 2618 tuum
425 2543 586 2616 subinde
613 2543 901 2642 compellendo,
927 2545 1097 2642 ipsorum
1128 2545 1292 2645 denique

290 2677 516 2736 structuram
534 2661 719 2758 parietum
737 2662 851 2750 laxet,
867 2685 910 2738 ac
919 2663 996 2734 vim
1010 2659 1210 2762 infringat,
1228 2690 1292 2736 ne-

288 2805 390 2856 cesse
409 2779 603 2884 cst.·Qtrod
623 2803 669 2852 eo
688 2801 840 2878 quoque
860 2777 1003 2852 facilius
1022 2782 1212 2880 contingit
1229 2782 1292 2856 ubi

286 2900 473 2984 salacitas,
492 2913 530 2970 et
549 2898 673 2970 morbi
694 2898 899 2988 accedunt,
915 2913 959 2972 ut
975 2899 1015 2969 in
1032 2899 1103 2972 hac
1120 2900 1291 2976 historia.

287 3018 338 3089 lis
347 3016 511 3106 morbis,
529 3031 565 3090 ct
581 3017 807 3121 nominatim
821 3037 1027 3115 praegresso
1040 3015 1234 3118 hydropi(
1250 3045 1262 3092 1
1276 3017 1291 3114 )

286 3161 346 3208 cas
373 3138 556 3208 viscerum
583 3135 816 3233 alligationes
837 3133 944 3208 facilc
968 3134 1186 3224 tribuerim,
1210 3161 1291 3236 quoe

284 3254 324 3323 in
343 3253 523 3326 cadavera
550 3269 750 3350 compertae
778 3267 877 3324 stant.
903 3243 1145 3328 Branchialcs
1163 3271 1289 3328 auton

284 3369 468 3466 glandulae
487 3395 566 3441 nou
584 3363 762 3442 omnibus
774 3370 927 3469 quidam
941 3372 1228 3446 itanotaeerant
1247 3394 1288 3446 oo

284 3500 477 3584 tomporc;
495 3505 573 3559 non
591 3495 729 3560 tamem
747 3488 799 3560 ob
812 3485 850 3560 id
869 3491 1098 3587 pracsertim,
1109 3503 1154 3560 ut
1167 3490 1210 3566 in
1227 3515 1287 3564 su·

283 3605 434 3702 periore
446 3604 556 3678 ctiam
573 3629 661 3678 sene
678 3607 751 3702 (a),
765 3605 960 3680 adnotatas
969 3606 1287 3700 crendennmad

278 3727 1290 3808 -ψ--Μ-..ωὲυ

323 3889 367 3966 (r)
387 3885 456 3947 vid.
467 3890 552 3966 Epist
563 3893 615 3968 39,
630 3906 660 3948 n.
677 3889 726 3951 30.
850 3927 853 3938 «

322 3987 367 4065 (a)
386 3991 425 4047 Ν.
445 3995 490 4056 tl.
741 3968 758 4018 ⁴

175 2320 178 2327 '
287 2311 401 2382 rietes
427 2307 569 2380 arterias
587 2306 780 2406 urgendo,
800 2307 889 2378 inde
913 2330 1004 2380 vcro
1029 2307 1123 2397 bos,
1150 2311 1291 2410 quippe
1397 2340 1398 2406 q

288 2451 508 2514 concussos,
527 2427 566 2496 in
592 2443 793 2498 occursum
820 2426 996 2498 concitati
1022 2428 1218 2526 sanguinis
1245 2430 1292 2500 ic·
