<?xml version="1.0" encoding="UTF-8"?>
<!DOCTYPE html PUBLIC "-//W3C//DTD XHTML 1.0 Transitional//EN"
    "http://www.w3.org/TR/xhtml1/DTD/xhtml1-transitional.dtd">
<html xmlns="http://www.w3.org/1999/xhtml" xml:lang="en" lang="en">
 <head>
  <title>
</title>
<meta http-equiv="Content-Type" content="text/html;charset=utf-8" />
  <meta name='ocr-system' content='tesseract 3.04.00' />
  <meta name='ocr-capabilities' content='ocr_page ocr_carea ocr_par ocr_line ocrx_word'/>
</head>
<body>
  <div class='ocr_page' id='page_1' title='image "./desedibusetcaus00chaugoog_0447.png"; bbox 0 0 2820 4662; ppageno 0'>
   <div class='ocr_carea' id='block_1_1' title="bbox 279 431 1116 527">
    <p class='ocr_par' dir='ltr' id='par_1_1' title="bbox 279 431 1116 527">
     <span class='ocr_line' id='line_1_1' title="bbox 279 431 1116 527; baseline -0.007 -18"><span class='ocrx_word' id='word_1_1' title='bbox 279 431 350 527; x_wconf 69' lang='lat'><strong>452</strong></span> <span class='ocrx_word' id='word_1_2' title='bbox 442 451 491 505; x_wconf 78' lang='lat' dir='ltr'><strong>ns</strong></span> <span class='ocrx_word' id='word_1_3' title='bbox 516 449 663 502; x_wconf 79' lang='lat' dir='ltr'><strong>ssmnus</strong></span> <span class='ocrx_word' id='word_1_4' title='bbox 687 452 731 499; x_wconf 72' lang='lat' dir='ltr'><strong>si</strong></span> <span class='ocrx_word' id='word_1_5' title='bbox 757 447 881 500; x_wconf 68' lang='lat' dir='ltr'><strong>esusts</strong></span> <span class='ocrx_word' id='word_1_6' title='bbox 906 445 1116 503; x_wconf 70' lang='lat' dir='ltr'><strong>nonnosum</strong></span> 
     </span>
    </p>
   </div>
   <div class='ocr_carea' id='block_1_2' title="bbox 120 563 1401 3709">
    <p class='ocr_par' dir='ltr' id='par_1_2' title="bbox 120 563 1401 3709">
     <span class='ocr_line' id='line_1_2' title="bbox 275 563 1401 664; baseline -0.004 -20"><span class='ocrx_word' id='word_1_7' title='bbox 275 572 318 644; x_wconf 93' lang='lat' dir='ltr'><strong>in</strong></span> <span class='ocrx_word' id='word_1_8' title='bbox 333 566 450 642; x_wconf 83' lang='lat' dir='ltr'><strong>corde</strong></span> <span class='ocrx_word' id='word_1_9' title='bbox 469 567 612 654; x_wconf 80' lang='lat' dir='ltr'><strong>nullas,</strong></span> <span class='ocrx_word' id='word_1_10' title='bbox 638 565 680 636; x_wconf 89' lang='lat' dir='ltr'><strong>in</strong></span> <span class='ocrx_word' id='word_1_11' title='bbox 706 563 821 637; x_wconf 80' lang='lat' dir='ltr'><strong>corde</strong></span> <span class='ocrx_word' id='word_1_12' title='bbox 839 565 987 636; x_wconf 88' lang='lat' dir='ltr'><strong>nullum</strong></span> <span class='ocrx_word' id='word_1_13' title='bbox 1004 591 1182 664; x_wconf 80' lang='lat' dir='ltr'><strong>grumum</strong></span> <span class='ocrx_word' id='word_1_14' title='bbox 1201 592 1281 642; x_wconf 85' lang='lat' dir='ltr'><strong>san·</strong></span> <span class='ocrx_word' id='word_1_15' title='bbox 1400 575 1401 596; x_wconf 72' lang='lat'>³</span> 
     </span>
     <span class='ocr_line' id='line_1_3' title="bbox 276 679 1401 790; baseline -0.004 -31"><span class='ocrx_word' id='word_1_16' title='bbox 276 687 400 790; x_wconf 75' lang='lat' dir='ltr'><strong>guinis</strong></span> <span class='ocrx_word' id='word_1_17' title='bbox 416 686 612 757; x_wconf 87' lang='lat' dir='ltr'><strong>inventum</strong></span> <span class='ocrx_word' id='word_1_18' title='bbox 629 705 726 770; x_wconf 85' lang='lat' dir='ltr'><strong>esse,</strong></span> <span class='ocrx_word' id='word_1_19' title='bbox 744 679 901 778; x_wconf 84' lang='lat' dir='ltr'>quando</span> <span class='ocrx_word' id='word_1_20' title='bbox 920 680 959 754; x_wconf 87' lang='lat' dir='ltr'><strong>in</strong></span> <span class='ocrx_word' id='word_1_21' title='bbox 971 683 1041 756; x_wconf 85' lang='lat' dir='ltr'><strong>ista</strong></span> <span class='ocrx_word' id='word_1_22' title='bbox 1055 685 1134 782; x_wconf 86' lang='lat' dir='ltr'><strong>ipsa</strong></span> <span class='ocrx_word' id='word_1_23' title='bbox 1151 685 1280 782; x_wconf 91' lang='lat' dir='ltr'><strong>Sepul·</strong></span> <span class='ocrx_word' id='word_1_24' title='bbox 1400 777 1401 790; x_wconf 14' lang='grc' dir='ltr'>ἦ</span> 
     </span>
     <span class='ocr_line' id='line_1_4' title="bbox 277 797 1401 904; baseline -0.004 -27"><span class='ocrx_word' id='word_1_25' title='bbox 277 803 398 877; x_wconf 86' lang='lat' dir='ltr'><strong>chreti</strong></span> <span class='ocrx_word' id='word_1_26' title='bbox 410 802 578 874; x_wconf 84' lang='lat' dir='ltr'><strong>sectione</strong></span> <span class='ocrx_word' id='word_1_27' title='bbox 594 797 650 895; x_wconf 87' lang='lat'><strong>(1)</strong></span> <span class='ocrx_word' id='word_1_28' title='bbox 668 823 714 869; x_wconf 88' lang='lat' dir='ltr'><strong>ex</strong></span> <span class='ocrx_word' id='word_1_29' title='bbox 724 798 875 896; x_wconf 85' lang='lat' dir='ltr'><strong>Beslero</strong></span> <span class='ocrx_word' id='word_1_30' title='bbox 887 801 1053 897; x_wconf 86' lang='lat' dir='ltr'><strong>positum</strong></span> <span class='ocrx_word' id='word_1_31' title='bbox 1069 816 1142 890; x_wconf 90' lang='lat' dir='ltr'><strong>est,</strong></span> <span class='ocrx_word' id='word_1_32' title='bbox 1160 804 1201 872; x_wconf 89' lang='lat' dir='ltr'><strong>in</strong></span> <span class='ocrx_word' id='word_1_33' title='bbox 1213 805 1281 874; x_wconf 88' lang='lat' dir='ltr'><strong>vir·</strong></span> <span class='ocrx_word' id='word_1_34' title='bbox 1399 871 1401 904; x_wconf 48' lang='grc'>1</span> 
     </span>
     <span class='ocr_line' id='line_1_5' title="bbox 274 911 1401 1022; baseline 0.002 -32"><span class='ocrx_word' id='word_1_35' title='bbox 274 921 373 1022; x_wconf 77' lang='lat' dir='ltr'><strong>gine,</strong></span> <span class='ocrx_word' id='word_1_36' title='bbox 385 943 469 1018; x_wconf 83' lang='lat' dir='ltr'><strong>quae</strong></span> <span class='ocrx_word' id='word_1_37' title='bbox 477 919 730 1012; x_wconf 79' lang='lat' dir='ltr'><strong>suffocatione</strong></span> <span class='ocrx_word' id='word_1_38' title='bbox 741 920 938 1013; x_wconf 71' lang='lat' dir='ltr'><strong>eoept‘ravit,</strong></span> <span class='ocrx_word' id='word_1_39' title='bbox 948 912 1059 994; x_wconf 85' lang='lat' dir='ltr'><strong>fuisse</strong></span> <span class='ocrx_word' id='word_1_40' title='bbox 1067 918 1193 990; x_wconf 81' lang='lat' dir='ltr'><strong>cordis</strong></span> <span class='ocrx_word' id='word_1_41' title='bbox 1205 944 1282 990; x_wconf 83' lang='lat' dir='ltr'><strong>eor-</strong></span> <span class='ocrx_word' id='word_1_42' title='bbox 1399 911 1401 992; x_wconf 71' lang='lat' dir='ltr'><strong>i</strong></span> 
     </span>
     <span class='ocr_line' id='line_1_6' title="bbox 267 1032 1282 1142; baseline -0.003 -32"><span class='ocrx_word' id='word_1_43' title='bbox 267 1063 346 1142; x_wconf 77' lang='lat' dir='ltr'><strong>pus</strong></span> <span class='ocrx_word' id='word_1_44' title='bbox 360 1057 536 1136; x_wconf 76' lang='lat' dir='ltr'><strong>grumoso</strong></span> <span class='ocrx_word' id='word_1_45' title='bbox 557 1032 740 1130; x_wconf 84' lang='lat' dir='ltr'><strong>repletum</strong></span> <span class='ocrx_word' id='word_1_46' title='bbox 749 1037 947 1128; x_wconf 75' lang='lat' dir='ltr'><strong>sanguine,</strong></span> <span class='ocrx_word' id='word_1_47' title='bbox 968 1033 1084 1130; x_wconf 84' lang='lat' dir='ltr'><strong>idque</strong></span> <span class='ocrx_word' id='word_1_48' title='bbox 1105 1041 1145 1104; x_wconf 82' lang='lat' dir='ltr'><strong>in</strong></span> <span class='ocrx_word' id='word_1_49' title='bbox 1162 1038 1282 1128; x_wconf 68' lang='lat' dir='ltr'><strong>suffit·</strong></span> 
     </span>
     <span class='ocr_line' id='line_1_7' title="bbox 278 1149 1282 1243; baseline -0.003 -15"><span class='ocrx_word' id='word_1_50' title='bbox 278 1161 372 1229; x_wconf 81' lang='lat' dir='ltr'><strong>catis</strong></span> <span class='ocrx_word' id='word_1_51' title='bbox 400 1177 480 1226; x_wconf 87' lang='lat' dir='ltr'><strong>esse</strong></span> <span class='ocrx_word' id='word_1_52' title='bbox 493 1149 717 1243; x_wconf 79' lang='lat' dir='ltr'><em>familiare?</em></span> <span class='ocrx_word' id='word_1_53' title='bbox 741 1149 920 1222; x_wconf 86' lang='lat' dir='ltr'><strong>Dicemus</strong></span> <span class='ocrx_word' id='word_1_54' title='bbox 943 1151 1144 1240; x_wconf 86' lang='lat' dir='ltr'><strong>nimirum,</strong></span> <span class='ocrx_word' id='word_1_55' title='bbox 1175 1155 1218 1224; x_wconf 88' lang='lat' dir='ltr'><strong>in</strong></span> <span class='ocrx_word' id='word_1_56' title='bbox 1242 1179 1282 1226; x_wconf 84' lang='lat' dir='ltr'><strong>ea</strong></span> 
     </span>
     <span class='ocr_line' id='line_1_8' title="bbox 276 1267 1286 1367; baseline -0.004 -20"><span class='ocrx_word' id='word_1_57' title='bbox 276 1271 415 1346; x_wconf 82' lang='lat' dir='ltr'><strong>Besleri</strong></span> <span class='ocrx_word' id='word_1_58' title='bbox 433 1267 597 1367; x_wconf 83' lang='lat' dir='ltr'><strong>epistoloe</strong></span> <span class='ocrx_word' id='word_1_59' title='bbox 613 1279 739 1364; x_wconf 86' lang='lat' dir='ltr'><strong>parte,</strong></span> <span class='ocrx_word' id='word_1_60' title='bbox 762 1290 844 1363; x_wconf 86' lang='lat' dir='ltr'><strong>quae</strong></span> <span class='ocrx_word' id='word_1_61' title='bbox 864 1268 904 1340; x_wconf 88' lang='lat' dir='ltr'><strong>in</strong></span> <span class='ocrx_word' id='word_1_62' title='bbox 930 1269 1042 1342; x_wconf 81' lang='lat' dir='ltr'><strong>citato</strong></span> <span class='ocrx_word' id='word_1_63' title='bbox 1058 1267 1204 1341; x_wconf 82' lang='lat' dir='ltr'>ibidem</span> <span class='ocrx_word' id='word_1_64' title='bbox 1223 1275 1286 1343; x_wconf 79' lang='lat' dir='ltr'><strong>Za-</strong></span> 
     </span>
     <span class='ocr_line' id='line_1_9' title="bbox 276 1380 1282 1473; baseline -0.004 -9"><span class='ocrx_word' id='word_1_65' title='bbox 276 1389 353 1464; x_wconf 81' lang='lat' dir='ltr'><strong>cuti</strong></span> <span class='ocrx_word' id='word_1_66' title='bbox 367 1385 465 1458; x_wconf 82' lang='lat' dir='ltr'><strong>libro</strong></span> <span class='ocrx_word' id='word_1_67' title='bbox 483 1383 784 1458; x_wconf 72' lang='lat' dir='ltr'><strong>observationem</strong></span> <span class='ocrx_word' id='word_1_68' title='bbox 799 1380 885 1455; x_wconf 85' lang='lat' dir='ltr'><strong>facit</strong></span> <span class='ocrx_word' id='word_1_69' title='bbox 901 1383 967 1472; x_wconf 73' lang='grc'><strong>64,</strong></span> <span class='ocrx_word' id='word_1_70' title='bbox 991 1409 1071 1456; x_wconf 88' lang='lat' dir='ltr'><strong>non</strong></span> <span class='ocrx_word' id='word_1_71' title='bbox 1083 1385 1154 1473; x_wconf 80' lang='lat'><strong>63,</strong></span> <span class='ocrx_word' id='word_1_72' title='bbox 1173 1388 1282 1460; x_wconf 83' lang='lat' dir='ltr'><strong>sicuti</strong></span> 
     </span>
     <span class='ocr_line' id='line_1_10' title="bbox 275 1500 1399 1602; baseline -0.004 -22"><span class='ocrx_word' id='word_1_73' title='bbox 275 1505 326 1580; x_wconf 87' lang='lat' dir='ltr'><strong>de</strong></span> <span class='ocrx_word' id='word_1_74' title='bbox 336 1504 482 1602; x_wconf 77' lang='lat' dir='ltr'><strong>virgine</strong></span> <span class='ocrx_word' id='word_1_75' title='bbox 503 1523 626 1575; x_wconf 74' lang='lat' dir='ltr'><strong>sermo</strong></span> <span class='ocrx_word' id='word_1_76' title='bbox 639 1516 716 1585; x_wconf 79' lang='lat' dir='ltr'><strong>est,</strong></span> <span class='ocrx_word' id='word_1_77' title='bbox 741 1500 848 1596; x_wconf 85' lang='lat' dir='ltr'><strong>cujus</strong></span> <span class='ocrx_word' id='word_1_78' title='bbox 870 1503 1024 1574; x_wconf 85' lang='lat' dir='ltr'>sexenni</span> <span class='ocrx_word' id='word_1_79' title='bbox 1046 1506 1282 1602; x_wconf 83' lang='lat' dir='ltr'><strong>aegrotationi</strong></span> <span class='ocrx_word' id='word_1_80' title='bbox 1398 1576 1399 1600; x_wconf 20' lang='grc' dir='ltr'>ἢ</span> 
     </span>
     <span class='ocr_line' id='line_1_11' title="bbox 276 1612 1281 1712; baseline -0.003 -15"><span class='ocrx_word' id='word_1_81' title='bbox 276 1623 502 1698; x_wconf 87' lang='lat' dir='ltr'><strong>novissimus</strong></span> <span class='ocrx_word' id='word_1_82' title='bbox 518 1618 673 1692; x_wconf 83' lang='lat' dir='ltr'><strong>tandem</strong></span> <span class='ocrx_word' id='word_1_83' title='bbox 693 1619 846 1690; x_wconf 86' lang='lat' dir='ltr'><strong>accessit</strong></span> <span class='ocrx_word' id='word_1_84' title='bbox 863 1612 1044 1707; x_wconf 67' lang='lat' dir='ltr'><strong>horbus,</strong></span> <span class='ocrx_word' id='word_1_85' title='bbox 1062 1617 1281 1712; x_wconf 80' lang='lat' dir='ltr'><strong>suffocati05</strong></span> 
     </span>
     <span class='ocr_line' id='line_1_12' title="bbox 277 1733 1282 1834; baseline -0.006 -16"><span class='ocrx_word' id='word_1_86' title='bbox 277 1743 328 1818; x_wconf 82' lang='lat' dir='ltr'><strong>ita</strong></span> <span class='ocrx_word' id='word_1_87' title='bbox 345 1737 560 1816; x_wconf 82' lang='lat' dir='ltr'><strong>verisimile</strong></span> <span class='ocrx_word' id='word_1_88' title='bbox 578 1759 678 1823; x_wconf 85' lang='lat' dir='ltr'><strong>esse,</strong></span> <span class='ocrx_word' id='word_1_89' title='bbox 696 1733 918 1832; x_wconf 88' lang='lat' dir='ltr'><strong>hujusmodi</strong></span> <span class='ocrx_word' id='word_1_90' title='bbox 934 1737 1060 1834; x_wconf 89' lang='lat' dir='ltr'><strong>potius</strong></span> <span class='ocrx_word' id='word_1_91' title='bbox 1078 1735 1282 1812; x_wconf 81' lang='lat' dir='ltr'><strong>suffocatos</strong></span> 
     </span>
     <span class='ocr_line' id='line_1_13' title="bbox 276 1851 1283 1951; baseline -0.004 -19"><span class='ocrx_word' id='word_1_92' title='bbox 276 1859 466 1932; x_wconf 84' lang='lat' dir='ltr'><strong>Beslerum</strong></span> <span class='ocrx_word' id='word_1_93' title='bbox 485 1851 730 1938; x_wconf 82' lang='lat' dir='ltr'>intellexisse,</span> <span class='ocrx_word' id='word_1_94' title='bbox 757 1876 872 1950; x_wconf 84' lang='lat' dir='ltr'><strong>quam</strong></span> <span class='ocrx_word' id='word_1_95' title='bbox 897 1877 963 1926; x_wconf 89' lang='lat' dir='ltr'><strong>eos</strong></span> <span class='ocrx_word' id='word_1_96' title='bbox 990 1856 1057 1951; x_wconf 90' lang='lat' dir='ltr'><strong>qui</strong></span> <span class='ocrx_word' id='word_1_97' title='bbox 1087 1879 1178 1945; x_wconf 87' lang='lat' dir='ltr'><strong>cum</strong></span> <span class='ocrx_word' id='word_1_98' title='bbox 1204 1858 1283 1930; x_wconf 86' lang='lat' dir='ltr'><strong>sani</strong></span> 
     </span>
     <span class='ocr_line' id='line_1_14' title="bbox 276 1970 1282 2072; baseline -0.002 -22"><span class='ocrx_word' id='word_1_99' title='bbox 276 1989 419 2063; x_wconf 85' lang='lat' dir='ltr'><strong>essent,</strong></span> <span class='ocrx_word' id='word_1_100' title='bbox 438 1984 595 2070; x_wconf 83' lang='lat' dir='ltr'><strong>repente</strong></span> <span class='ocrx_word' id='word_1_101' title='bbox 611 1984 763 2042; x_wconf 85' lang='lat' dir='ltr'><strong>externa</strong></span> <span class='ocrx_word' id='word_1_102' title='bbox 779 1970 817 2042; x_wconf 87' lang='lat' dir='ltr'><strong>vi</strong></span> <span class='ocrx_word' id='word_1_103' title='bbox 831 1970 1050 2068; x_wconf 83' lang='lat' dir='ltr'><strong>strangulati</strong></span> <span class='ocrx_word' id='word_1_104' title='bbox 1068 1988 1176 2060; x_wconf 89' lang='lat' dir='ltr'><strong>sunt,</strong></span> <span class='ocrx_word' id='word_1_105' title='bbox 1190 1999 1282 2072; x_wconf 80' lang='lat' dir='ltr'>qua-</span> 
     </span>
     <span class='ocr_line' id='line_1_15' title="bbox 277 2086 1281 2185; baseline -0.004 -18"><span class='ocrx_word' id='word_1_106' title='bbox 277 2093 332 2167; x_wconf 87' lang='lat' dir='ltr'><strong>les</strong></span> <span class='ocrx_word' id='word_1_107' title='bbox 347 2089 425 2164; x_wconf 84' lang='lat' dir='ltr'><strong>fere</strong></span> <span class='ocrx_word' id='word_1_108' title='bbox 441 2086 643 2162; x_wconf 80' lang='lat' dir='ltr'><strong>aValsalva</strong></span> <span class='ocrx_word' id='word_1_109' title='bbox 656 2101 937 2185; x_wconf 86' lang='lat' dir='ltr'><strong>proponuntur.</strong></span> <span class='ocrx_word' id='word_1_110' title='bbox 950 2087 1075 2165; x_wconf 79' lang='lat' dir='ltr'><strong>Aliam</strong></span> <span class='ocrx_word' id='word_1_111' title='bbox 1086 2091 1190 2162; x_wconf 85' lang='lat' dir='ltr'><strong>enim</strong></span> <span class='ocrx_word' id='word_1_112' title='bbox 1204 2090 1281 2180; x_wconf 91' lang='lat' dir='ltr'><strong>his,</strong></span> 
     </span>
     <span class='ocr_line' id='line_1_16' title="bbox 277 2205 1282 2307; baseline -0.001 -23"><span class='ocrx_word' id='word_1_113' title='bbox 277 2225 389 2307; x_wconf 79' lang='lat' dir='ltr'><strong>atque</strong></span> <span class='ocrx_word' id='word_1_114' title='bbox 410 2208 498 2293; x_wconf 87' lang='lat' dir='ltr'><strong>illis,</strong></span> <span class='ocrx_word' id='word_1_115' title='bbox 513 2221 555 2278; x_wconf 87' lang='lat' dir='ltr'><strong>ut</strong></span> <span class='ocrx_word' id='word_1_116' title='bbox 568 2206 775 2292; x_wconf 81' lang='lat' dir='ltr'><strong>viscerum,</strong></span> <span class='ocrx_word' id='word_1_117' title='bbox 792 2205 845 2276; x_wconf 84' lang='lat' dir='ltr'><strong>sie</strong></span> <span class='ocrx_word' id='word_1_118' title='bbox 862 2205 974 2278; x_wconf 86' lang='lat' dir='ltr'><strong>etiam</strong></span> <span class='ocrx_word' id='word_1_119' title='bbox 995 2208 1189 2304; x_wconf 82' lang='lat' dir='ltr'><strong>sanguinis</strong></span> <span class='ocrx_word' id='word_1_120' title='bbox 1203 2232 1282 2282; x_wconf 85' lang='lat' dir='ltr'><strong>esse</strong></span> 
     </span>
     <span class='ocr_line' id='line_1_17' title="bbox 266 2317 1282 2423; baseline -0.005 -22"><span class='ocrx_word' id='word_1_121' title='bbox 266 2317 855 2412; x_wconf 49' lang='lat' dir='ltr'><strong>¹constitutionem‚manifestum</strong></span> <span class='ocrx_word' id='word_1_122' title='bbox 865 2335 920 2394; x_wconf 85' lang='lat' dir='ltr'><strong>est</strong></span> <span class='ocrx_word' id='word_1_123' title='bbox 928 2346 1012 2414; x_wconf 55' lang='lat' dir='ltr'>‚non</span> <span class='ocrx_word' id='word_1_124' title='bbox 1020 2323 1282 2423; x_wconf 77' lang='lat' dir='ltr'><strong>minus,qusm</strong></span> 
     </span>
     <span class='ocr_line' id='line_1_18' title="bbox 277 2439 1282 2541; baseline -0.005 -21"><span class='ocrx_word' id='word_1_125' title='bbox 277 2467 464 2530; x_wconf 80' lang='lat' dir='ltr'><strong>erassum,</strong></span> <span class='ocrx_word' id='word_1_126' title='bbox 480 2456 519 2514; x_wconf 93' lang='lat' dir='ltr'><strong>et</strong></span> <span class='ocrx_word' id='word_1_127' title='bbox 534 2461 754 2537; x_wconf 80' lang='lat' dir='ltr'><strong>grumosum</strong></span> <span class='ocrx_word' id='word_1_128' title='bbox 768 2439 1005 2538; x_wconf 84' lang='lat' dir='ltr'><strong>sanguinem,</strong></span> <span class='ocrx_word' id='word_1_129' title='bbox 1020 2455 1167 2537; x_wconf 87' lang='lat' dir='ltr'><strong>quanto</strong></span> <span class='ocrx_word' id='word_1_130' title='bbox 1182 2442 1282 2541; x_wconf 58' lang='lat' dir='ltr'><strong>inest</strong></span> 
     </span>
     <span class='ocr_line' id='line_1_19' title="bbox 277 2555 1280 2654; baseline 0 -21"><span class='ocrx_word' id='word_1_131' title='bbox 277 2557 353 2640; x_wconf 72' lang='lat' dir='ltr'><strong>tier</strong></span> <span class='ocrx_word' id='word_1_132' title='bbox 367 2573 423 2632; x_wconf 89' lang='lat' dir='ltr'><strong>est</strong></span> <span class='ocrx_word' id='word_1_133' title='bbox 440 2555 733 2654; x_wconf 84' lang='lat' dir='ltr'><strong>adpulmonum</strong></span> <span class='ocrx_word' id='word_1_134' title='bbox 751 2555 900 2630; x_wconf 76' lang='lat' dir='ltr'><strong>vascula</strong></span> <span class='ocrx_word' id='word_1_135' title='bbox 918 2556 1155 2654; x_wconf 83' lang='lat' dir='ltr'><strong>trajicienda,</strong></span> <span class='ocrx_word' id='word_1_136' title='bbox 1177 2574 1280 2632; x_wconf 84' lang='lat' dir='ltr'><strong>tanto</strong></span> 
     </span>
     <span class='ocr_line' id='line_1_20' title="bbox 277 2670 1280 2776; baseline 0.003 -28"><span class='ocrx_word' id='word_1_137' title='bbox 277 2677 462 2776; x_wconf 71' lang='lat' dir='ltr'><strong>aptiorem</strong></span> <span class='ocrx_word' id='word_1_138' title='bbox 476 2696 571 2759; x_wconf 84' lang='lat' dir='ltr'><strong>esse,</strong></span> <span class='ocrx_word' id='word_1_139' title='bbox 584 2685 628 2745; x_wconf 90' lang='lat' dir='ltr'><strong>ut</strong></span> <span class='ocrx_word' id='word_1_140' title='bbox 638 2672 678 2744; x_wconf 88' lang='lat' dir='ltr'><strong>in</strong></span> <span class='ocrx_word' id='word_1_141' title='bbox 689 2673 733 2746; x_wconf 89' lang='lat' dir='ltr'><strong>iis</strong></span> <span class='ocrx_word' id='word_1_142' title='bbox 742 2672 933 2762; x_wconf 78' lang='lat' dir='ltr'><strong>subsistat,</strong></span> <span class='ocrx_word' id='word_1_143' title='bbox 943 2689 980 2746; x_wconf 86' lang='lat' dir='ltr'><strong>et</strong></span> <span class='ocrx_word' id='word_1_144' title='bbox 994 2670 1280 2751; x_wconf 79' lang='lat' dir='ltr'><strong>suffocationem</strong></span> 
     </span>
     <span class='ocr_line' id='line_1_21' title="bbox 200 2789 1281 2892; baseline 0.002 -27"><span class='ocrx_word' id='word_1_145' title='bbox 200 2797 201 2802; x_wconf 75' lang='grc'>’</span> <span class='ocrx_word' id='word_1_146' title='bbox 276 2791 443 2865; x_wconf 87' lang='lat' dir='ltr'><strong>inducat.</strong></span> <span class='ocrx_word' id='word_1_147' title='bbox 460 2789 562 2881; x_wconf 86' lang='lat' dir='ltr'><strong>Quin</strong></span> <span class='ocrx_word' id='word_1_148' title='bbox 574 2789 677 2888; x_wconf 89' lang='lat' dir='ltr'><strong>ipsos</strong></span> <span class='ocrx_word' id='word_1_149' title='bbox 690 2791 801 2862; x_wconf 80' lang='lat' dir='ltr'><strong>etiam</strong></span> <span class='ocrx_word' id='word_1_150' title='bbox 816 2789 882 2887; x_wconf 77' lang='lat' dir='ltr'><strong>qui</strong></span> <span class='ocrx_word' id='word_1_151' title='bbox 896 2789 1033 2888; x_wconf 87' lang='lat' dir='ltr'><strong>laqueo</strong></span> <span class='ocrx_word' id='word_1_152' title='bbox 1049 2794 1281 2892; x_wconf 82' lang='lat' dir='ltr'><strong>strangulan-</strong></span> 
     </span>
     <span class='ocr_line' id='line_1_22' title="bbox 277 2905 1398 3006; baseline -0.002 -22"><span class='ocrx_word' id='word_1_153' title='bbox 277 2924 359 2998; x_wconf 82' lang='lat' dir='ltr'><strong>tur,</strong></span> <span class='ocrx_word' id='word_1_154' title='bbox 380 2909 411 2982; x_wconf 89' lang='lat' dir='ltr'><strong>si</strong></span> <span class='ocrx_word' id='word_1_155' title='bbox 428 2906 529 2980; x_wconf 76' lang='lat' dir='ltr'><strong>forte·</strong></span> <span class='ocrx_word' id='word_1_156' title='bbox 541 2907 760 3006; x_wconf 80' lang='lat' dir='ltr'><strong>sanguinem</strong></span> <span class='ocrx_word' id='word_1_157' title='bbox 778 2905 942 2980; x_wconf 76' lang='lat' dir='ltr'><strong>habeant</strong></span> <span class='ocrx_word' id='word_1_158' title='bbox 966 2906 1015 2978; x_wconf 87' lang='lat' dir='ltr'><strong>ad</strong></span> <span class='ocrx_word' id='word_1_159' title='bbox 1035 2931 1280 2986; x_wconf 86' lang='lat' dir='ltr'><strong>concrescen·</strong></span> <span class='ocrx_word' id='word_1_160' title='bbox 1397 2973 1398 3004; x_wconf 26' lang='lat'>¹</span> 
     </span>
     <span class='ocr_line' id='line_1_23' title="bbox 276 3025 1397 3126; baseline -0.004 -23"><span class='ocrx_word' id='word_1_161' title='bbox 276 3028 370 3102; x_wconf 88' lang='lat' dir='ltr'><strong>dum</strong></span> <span class='ocrx_word' id='word_1_162' title='bbox 388 3027 626 3126; x_wconf 80' lang='lat' dir='ltr'><strong>proniorem,</strong></span> <span class='ocrx_word' id='word_1_163' title='bbox 643 3045 722 3096; x_wconf 83' lang='lat' dir='ltr'><strong>non</strong></span> <span class='ocrx_word' id='word_1_164' title='bbox 737 3047 891 3122; x_wconf 85' lang='lat' dir='ltr'><strong>grumos</strong></span> <span class='ocrx_word' id='word_1_165' title='bbox 904 3038 1071 3114; x_wconf 83' lang='lat' dir='ltr'><strong>tantum,</strong></span> <span class='ocrx_word' id='word_1_166' title='bbox 1090 3025 1158 3099; x_wconf 87' lang='lat' dir='ltr'><strong>sed</strong></span> <span class='ocrx_word' id='word_1_167' title='bbox 1179 3027 1280 3126; x_wconf 79' lang='lat' dir='ltr'><strong>poly·</strong></span> <span class='ocrx_word' id='word_1_168' title='bbox 1396 3029 1397 3038; x_wconf 76' lang='grc'>’</span> 
     </span>
     <span class='ocr_line' id='line_1_24' title="bbox 120 3141 1281 3261; baseline 0 -43"><span class='ocrx_word' id='word_1_169' title='bbox 120 3151 122 3158; x_wconf 83' lang='grc'><em>’</em></span> <span class='ocrx_word' id='word_1_170' title='bbox 242 3169 387 3261; x_wconf 37' lang='lat' dir='ltr'><strong>&#39;pesas</strong></span> <span class='ocrx_word' id='word_1_171' title='bbox 398 3166 554 3242; x_wconf 87' lang='lat' dir='ltr'><strong>quoque</strong></span> <span class='ocrx_word' id='word_1_172' title='bbox 567 3142 829 3215; x_wconf 71' lang='lat' dir='ltr'><strong>concretiones</strong></span> <span class='ocrx_word' id='word_1_173' title='bbox 839 3142 880 3212; x_wconf 90' lang='lat' dir='ltr'><strong>in</strong></span> <span class='ocrx_word' id='word_1_174' title='bbox 892 3141 1005 3218; x_wconf 82' lang='lat' dir='ltr'><strong>alveis</strong></span> <span class='ocrx_word' id='word_1_175' title='bbox 1018 3144 1213 3243; x_wconf 63' lang='lat' dir='ltr'><strong>sanguinis</strong></span> <span class='ocrx_word' id='word_1_176' title='bbox 1224 3144 1281 3218; x_wconf 87' lang='lat' dir='ltr'><strong>ha·</strong></span> 
     </span>
     <span class='ocr_line' id='line_1_25' title="bbox 274 3257 1278 3356; baseline -0.003 -19"><span class='ocrx_word' id='word_1_177' title='bbox 274 3262 421 3338; x_wconf 87' lang='lat' dir='ltr'><strong>bituros</strong></span> <span class='ocrx_word' id='word_1_178' title='bbox 450 3283 530 3334; x_wconf 90' lang='lat' dir='ltr'><strong>esse</strong></span> <span class='ocrx_word' id='word_1_179' title='bbox 554 3283 633 3331; x_wconf 86' lang='lat' dir='ltr'><strong>non</strong></span> <span class='ocrx_word' id='word_1_180' title='bbox 651 3257 805 3346; x_wconf 86' lang='lat' dir='ltr'><strong>dubito,</strong></span> <span class='ocrx_word' id='word_1_181' title='bbox 824 3259 973 3356; x_wconf 84' lang='lat' dir='ltr'><strong>quales,</strong></span> <span class='ocrx_word' id='word_1_182' title='bbox 992 3275 1034 3333; x_wconf 87' lang='lat' dir='ltr'><strong>ut</strong></span> <span class='ocrx_word' id='word_1_183' title='bbox 1058 3260 1153 3335; x_wconf 85' lang='lat' dir='ltr'><strong>alios</strong></span> <span class='ocrx_word' id='word_1_184' title='bbox 1171 3263 1278 3334; x_wconf 89' lang='lat' dir='ltr'><strong>omit·</strong></span> 
     </span>
     <span class='ocr_line' id='line_1_26' title="bbox 274 3370 1280 3475; baseline 0.001 -22"><span class='ocrx_word' id='word_1_185' title='bbox 274 3394 371 3465; x_wconf 82' lang='lat' dir='ltr'><strong>tam,</strong></span> <span class='ocrx_word' id='word_1_186' title='bbox 385 3403 407 3450; x_wconf 87' lang='lat' dir='ltr'>a</span> <span class='ocrx_word' id='word_1_187' title='bbox 421 3374 633 3472; x_wconf 73' lang='lat' dir='ltr'><strong>Coitero(2)</strong></span> <span class='ocrx_word' id='word_1_188' title='bbox 642 3370 755 3450; x_wconf 84' lang='lat' dir='ltr'><strong>fuisse</strong></span> <span class='ocrx_word' id='word_1_189' title='bbox 770 3373 940 3475; x_wconf 82' lang='lat' dir='ltr'><strong>intelligo</strong></span> <span class='ocrx_word' id='word_1_190' title='bbox 958 3401 1003 3450; x_wconf 86' lang='lat' dir='ltr'><strong>ex</strong></span> <span class='ocrx_word' id='word_1_191' title='bbox 1016 3377 1162 3456; x_wconf 83' lang='lat' dir='ltr'><strong>sinibus</strong></span> <span class='ocrx_word' id='word_1_192' title='bbox 1177 3379 1280 3454; x_wconf 79' lang='lat' dir='ltr'><strong>durae</strong></span> 
     </span>
     <span class='ocr_line' id='line_1_27' title="bbox 276 3483 1147 3592; baseline 0 -24"><span class='ocrx_word' id='word_1_193' title='bbox 276 3493 464 3592; x_wconf 84' lang='lat' dir='ltr'><strong>meningis</strong></span> <span class='ocrx_word' id='word_1_194' title='bbox 481 3490 680 3590; x_wconf 80' lang='lat' dir='ltr'><strong>suspendio</strong></span> <span class='ocrx_word' id='word_1_195' title='bbox 699 3483 936 3568; x_wconf 80' lang='lat' dir='ltr'><strong>enecatorum</strong></span> <span class='ocrx_word' id='word_1_196' title='bbox 953 3507 1147 3573; x_wconf 79' lang='lat' dir='ltr'><strong>extractas</strong></span> 
     </span>
     <span class='ocr_line' id='line_1_28' title="bbox 329 3605 1279 3709; baseline 0.002 -27"><span class='ocrx_word' id='word_1_197' title='bbox 329 3634 381 3683; x_wconf 81' lang='grc' dir='ltr'><strong>ιι.</strong></span> <span class='ocrx_word' id='word_1_198' title='bbox 402 3613 519 3696; x_wconf 82' lang='lat' dir='ltr'>Porro</span> <span class='ocrx_word' id='word_1_199' title='bbox 534 3606 636 3682; x_wconf 84' lang='lat' dir='ltr'><strong>idem</strong></span> <span class='ocrx_word' id='word_1_200' title='bbox 653 3609 843 3708; x_wconf 83' lang='lat' dir='ltr'><strong>sanguinis</strong></span> <span class='ocrx_word' id='word_1_201' title='bbox 861 3605 978 3700; x_wconf 73' lang='lat' dir='ltr'><strong>fluor,</strong></span> <span class='ocrx_word' id='word_1_202' title='bbox 994 3609 1062 3709; x_wconf 89' lang='lat' dir='ltr'><strong>qui</strong></span> <span class='ocrx_word' id='word_1_203' title='bbox 1077 3611 1180 3684; x_wconf 87' lang='lat' dir='ltr'><strong>iniis</strong></span> <span class='ocrx_word' id='word_1_204' title='bbox 1201 3625 1279 3686; x_wconf 78' lang='lat' dir='ltr'><strong>erat</strong></span> 
     </span>
    </p>
   </div>
   <div class='ocr_carea' id='block_1_3' title="bbox 248 3878 556 4071">
    <p class='ocr_par' dir='ltr' id='par_1_3' title="bbox 248 3878 556 4071">
     <span class='ocr_line' id='line_1_29' title="bbox 248 3878 520 3972; baseline -0.018 -23"><span class='ocrx_word' id='word_1_205' title='bbox 248 3878 249 3882; x_wconf 69' lang='lat'><em>&#39;</em></span> <span class='ocrx_word' id='word_1_206' title='bbox 315 3893 361 3972; x_wconf 71' lang='grc' dir='ltr'><strong>(ι)</strong></span> <span class='ocrx_word' id='word_1_207' title='bbox 379 3892 453 3948; x_wconf 66' lang='lat' dir='ltr'><strong>os..</strong></span> <span class='ocrx_word' id='word_1_208' title='bbox 472 3889 520 3948; x_wconf 73' lang='lat'><strong>32.</strong></span> 
     </span>
     <span class='ocr_line' id='line_1_30' title="bbox 313 3991 556 4071; baseline -0.037 -18"><span class='ocrx_word' id='word_1_209' title='bbox 313 3991 358 4071; x_wconf 71' lang='grc' dir='ltr'><strong>(ι)</strong></span> <span class='ocrx_word' id='word_1_210' title='bbox 376 3991 450 4052; x_wconf 69' lang='lat' dir='ltr'><strong>oso.</strong></span> <span class='ocrx_word' id='word_1_211' title='bbox 467 3991 556 4046; x_wconf 69' lang='lat' dir='ltr'><strong>snat.</strong></span> 
     </span>
    </p>
   </div>
   <div class='ocr_carea' id='block_1_4' title="bbox 0 0 1414 4662">
    <p class='ocr_par' dir='ltr' id='par_1_4' title="bbox 0 0 1414 4662">
     <span class='ocr_line' id='line_1_31' title="bbox 0 0 1414 4662; baseline 0 0"><span class='ocrx_word' id='word_1_212' title='bbox 0 0 1414 4662; x_wconf 95' lang='lat' dir='ltr'><strong> </strong></span> 
     </span>
    </p>
   </div>
  </div>
 </body>
</html>
