2820 4662
296 460 369 544 444
461 479 508 526 nr.
533 475 746 526 senneser
771 439 895 544 ceusu
920 477 1130 530 nonnonuu

296 615 422 680 suum,
442 593 584 690 quippe
604 606 707 663 tanto
722 589 881 666 validius
904 592 1128 692 impulsum,
1147 595 1188 666 in
1207 595 1299 668 illud

293 710 514 808 sanguinem
527 711 779 782 contrusisset.

345 826 402 924 37.
430 827 506 900 Etsi
529 840 833 924 aneurysmatum
854 827 996 903 arteriae
1020 851 1166 926 magnae
1192 769 1301 927 piura

295 943 365 1016 tibi
374 943 543 1041 exempla
556 959 682 1017 nostra
691 945 934 1050 protulimus,
945 959 982 1018 et
991 945 1063 1019 aha
1072 957 1204 1018 tamen
1215 947 1302 1032 alias
1408 937 1409 972 ³

295 1061 336 1132 in
357 1061 442 1133 loco
462 1058 717 1161 proferemus,
732 1085 855 1162 neque
869 1088 1001 1139 eorum
1019 1063 1137 1146 modo
1159 1089 1245 1162 quae
1263 1065 1300 1136 in
1408 1103 1409 1108 κ

271 1180 439 1250 arteriae
458 1176 574 1250 ferme
594 1180 726 1278 aequali
741 1180 791 1251 in
819 1204 973 1254 omnem
1001 1194 1148 1278 partem
1171 1181 1301 1268 dilata-
1408 1171 1409 1224 ³

295 1294 399 1368 tione
418 1295 648 1387 consistunt;
668 1296 733 1370 sed
754 1312 790 1370 et
812 1322 945 1370 eorum
968 1323 1050 1396 quae
1068 1299 1167 1370 sacci
1187 1299 1302 1370 instar

297 1409 345 1480 ad
357 1411 437 1506 ejus
447 1410 542 1484 latus
552 1428 790 1504 excrescunt,
806 1439 855 1486 ne
867 1411 964 1486 forte
979 1413 1058 1494 haec
1073 1413 1301 1512 credasper·

296 1551 383 1600 raro
401 1531 580 1622 inveniri,
599 1533 754 1633 quando
771 1558 859 1608 casu
875 1531 1014 1608 fuctum
1034 1547 1105 1627 est,
1124 1545 1170 1602 ut
1183 1555 1300 1607 unum

296 1645 399 1718 haud
419 1651 785 1751 amplius,ipsoru1n
805 1666 886 1724 tum
904 1675 950 1724 ex
973 1648 1153 1723 valsalvae
1175 1649 1299 1738 obser·

295 1766 445 1837 vatione
460 1767 719 1866 produxerim,
740 1784 822 1841 tum
839 1793 883 1841 ex
898 1791 990 1840 mea.
1010 1766 1186 1844 Vicissim
1204 1781 1299 1852 certe

297 1904 384 1956 cum
405 1902 664 1988 aneurysmata
689 1903 853 1986 quatuor
881 1885 1062 1973 habeam,
1091 1883 1187 1956 olim
1211 1909 1239 1968 ,a
1259 1883 1299 1957 cl.

296 2002 438 2101 Vulpio
458 2001 632 2092 infarcta,
650 2019 687 2077 et
710 2006 862 2094 siccata,
887 2027 1006 2101 eaque
1024 2002 1153 2074 omnia
1167 2002 1245 2090 sint
1263 2002 1299 2072 in

297 2119 439 2189 arteriae
460 2135 677 2219 magnaeaut
693 2145 801 2212 arcu,
820 2135 885 2194 aut
904 2147 950 2194 eo
966 2134 1088 2193 tractu
1111 2120 1180 2217 qui
1203 2120 1299 2192 inter

297 2257 450 2327 areum,
467 2252 503 2310 et
520 2263 587 2310 cor
609 2241 785 2313 interest:
807 2265 939 2316 eorum
965 2263 1084 2311 unum
1103 2251 1161 2308 est
1190 2237 1298 2335 primi

298 2356 465 2450 generis,
482 2356 552 2427 tria
568 2357 733 2440 secundi.
751 2359 859 2449 Quae,
878 2355 1065 2456 siquando
1086 2356 1296 2442 Patavium,

298 2483 342 2542 ut
353 2471 484 2567 cupio,
501 2475 666 2564 veneris,
681 2475 781 2574 apud
793 2501 853 2548 me
865 2474 1019 2550 videbis.
1032 2477 1186 2547 Interea
1201 2473 1276 2545 vale
1285 2525 1297 2560 ,

300 2599 338 2656 et
349 2609 432 2673 me,
447 2601 490 2660 ut
505 2613 622 2681 amas,
636 2617 728 2666 ama.
