2832 4662
274 401 346 494 548
440 427 488 476 or
514 417 661 476 mornas
686 424 731 474 rr
756 422 879 476 musas
905 424 1118 478 uoaroauu

270 555 414 630 autem,
438 509 526 612 culn
540 527 672 638 paucis
687 525 822 610 diebos
838 539 947 636 quasi
965 544 1282 642 peripneumonia

269 659 494 746 laborasset,
512 656 733 731 decesserat

319 775 485 852 Cadaver
507 773 753 848 macilentum
780 789 879 863 erat;
919 799 1041 875 eoque
1072 777 1280 852 notabilior

267 893 338 970 suit
349 891 588 994 pinguedinis
599 888 757 989 globus,
773 891 894 988 pugni
910 893 1173 992 magnitudine
1185 949 1197 984 ,
1209 899 1277 994 qui

268 1013 338 1088 sub
368 1027 454 1085 cute
479 1012 655 1084 inventus
682 1023 738 1080 est
761 1007 1093 1110 adeamilaginem
1116 1011 1279 1087 ensifor-

268 1155 369 1206 mem
381 1129 447 1228 (1).
458 1133 599 1200 ventre
615 1125 813 1224 adaperto,
826 1126 924 1200 nibil
940 1127 1206 1207 observatione
1220 1131 1279 1206 di·

268 1251 380 1348 gnius
394 1244 578 1332 occurrit,
596 1267 711 1340 quam
737 1241 849 1316 tuber
863 1243 1166 1337 subrutundum,
1182 1273 1277 1360 ppu-

267 1367 336 1452 do,
351 1364 566 1446 minimum,
588 1359 711 1449 librae,
730 1360 837 1459 quod
854 1364 1056 1462 posteriori
1072 1367 1275 1440 ventriculi

266 1482 375 1556 faciei
392 1503 580 1552 annexum
589 1492 671 1552 erat
680 1477 729 1550 ad
742 1477 858 1576 hujus
872 1482 980 1578 quasi
993 1481 1177 1582 medium.
1186 1487 1276 1556 Erat

264 1599 360 1676 illud
369 1598 531 1671 exterius
539 1593 752 1668 minoribus
761 1596 1277 1700 assurgentibusbemispbae-
1404 1583 1405 1648 l

264 1721 352 1794 riois
368 1715 464 1788 albis
475 1713 674 1790 tuberibus
692 1713 892 1812 ina-quale,
910 1716 1013 1792 intus
1024 1732 1151 1792 autern
1164 1717 1273 1809 albo;

265 1833 461 1922 sublirsco,
484 1847 521 1905 et
548 1832 753 1931 sanguineo
769 1855 924 1930 quoque
947 1833 999 1906 ob
1012 1859 1117 1924 vasa,
1145 1836 1273 1910 colore

262 1955 495 2053 variegatum
517 1977 526 2020 ε
548 1965 586 2023 et
611 1945 751 2022 durum
768 1971 856 2022 cum
874 1966 972 2026 esset
996 1951 1138 2052 ubique
1156 1951 1272 2044 adeo,

172 2107 183 2154 η
264 2087 307 2144 nt
325 2095 396 2170 pro
414 2068 563 2144 skirrho
586 2067 728 2142 habere
746 2092 827 2140 non
852 2067 1064 2161 dubitares3
1079 2072 1183 2148 intus
1206 2072 1273 2146 ali·

263 2188 353 2262 eubi
372 2187 510 2261 duritie
529 2211 634 2258 ossea
658 2185 858 2286 praeditum
883 2181 990 2297 eratg'
1001 2190 1162 2266 Dissecti
1179 2187 1272 2264 bila·

263 2307 357 2379 riam
367 2303 712 2403 sectiones,digitos
723 2319 957 2384 transversos
970 2322 1046 2382 tres
1062 2307 1272 2382 secundum

261 2449 379 2498 unam
408 2417 654 2512 diametrum,
685 2437 849 2521 quatuor
880 2424 1089 2500 secundum
1116 2427 1270 2502 alteram

262 2539 472 2640 aequabant.
491 2539 641 2610 Nullam
671 2565 762 2612 cum
784 2539 986 2616 ventriculi
1015 2567 1107 2618 cavo
1139 2543 1270 2620 habuit

262 2655 663 2732 communicationem:
676 2659 784 2756 isque
792 2675 946 2758 apertus
958 2660 1270 2738 inventusestru·
1403 2704 1404 2750 ᾗ

262 2797 395 2877 gosus,
409 2788 447 2846 et
465 2773 624 2845 omniuo
640 2775 763 2872 qualis
783 2776 824 2848 in
842 2779 942 2852 sanis
958 2777 1073 2866 solet,
1093 2804 1140 2854 ea
1156 2782 1269 2854 etiam

260 2909 368 2994 parte
385 2915 461 2991 qua
473 2889 599 2966 tuberi
610 2891 886 2991 respondebat,
901 2893 949 2969 ad
963 2897 1126 2993 spatium
1140 2898 1272 2972 videli-

260 3026 320 3085 cet
336 3010 500 3084 duorum
517 3008 667 3082 circiter
685 3009 901 3107 digitorum.
920 3012 1023 3103 Quin
1042 3015 1157 3089 etiam
1171 3015 1271 3090 tuni·

259 3151 311 3200 ors
333 3153 418 3228 quoe
445 3127 618 3200 intimam
644 3126 692 3198 ad
711 3125 807 3200 illud
835 3128 999 3227 spatium
1028 3131 1270 3230 operiebant,

259 3269 356 3318 sanae
369 3257 496 3336 erant,
519 3265 592 3316 neo
613 3241 740 3318 tuberi
758 3267 933 3320 annexa:
953 3245 1059 3344 quod
1080 3270 1153 3346 per
1175 3249 1269 3325 exti-

224 3379 226 3384 '
258 3383 360 3434 ruam
371 3359 552 3434 duntaxat
566 3359 779 3434 ventriculo
787 3360 1021 3460 alligabatur.
1030 3366 1116 3436 Haeo
1130 3389 1203 3464 per
1214 3381 1269 3444 tu·

257 3477 359 3552 beris
366 3473 498 3549 faeiem
505 3474 705 3550 videbatur
711 3475 940 3574 produci,et
950 3476 1164 3579 sanguilera
1182 3507 1269 3558 vasa

257 3589 448 3694 perferre,
461 3615 628 3691 quorum
645 3617 787 3684 unum,
801 3616 987 3670 venosum
1001 3596 1147 3687 visum,
1167 3622 1191 3672 a
1208 3614 1266 3673 tu-

294 3963 340 4044 (ι)
359 3965 429 4028 vtd.
440 3962 534 4044 Epist·
550 3961 606 4038 5⁰,
621 3983 653 4022 n.
669 3973 718 4036 at.
