2820 4662
321 382 392 470 462
490 404 537 450 ns
563 402 709 452 ssnrnus
733 404 777 452 ar
802 400 927 450 causis
952 397 1162 452 noasoanu
1243 433 1246 440 λ

319 513 675 615 petenrlumfuerat,
688 514 791 614 quod
804 514 1078 614 Columbus(1)
1092 519 1132 587 in
1147 542 1332 615 suspensa

317 638 476 709 muliere
496 636 542 708 ab
558 636 782 708 instantibus
805 639 1009 710 menstruis
1032 637 1252 736 repetebat,
1276 641 1330 710 vi·

315 754 453 826 delicet
477 779 589 826 venas
604 755 778 851 vaginam
795 753 998 852 adeuntes,
1017 759 1176 851 insignes
1191 753 1326 844 fuisse,

318 887 354 942 et
378 866 619 978 nigerrimae:
635 871 800 968 indeque
817 871 910 942 illud
929 873 1040 944 etiam
1059 872 1165 970 qnod
1184 873 1225 942 in
1244 873 1324 944 viro

314 989 495 1074 vidimus,
514 989 631 1084 quise
644 990 683 1059 in
699 1013 849 1060 carcere
859 990 940 1085 ipse
956 987 1216 1084 suspenderat.
1231 995 1324 1061 Cum

316 1106 418 1178 enim
437 1113 559 1174 totum
577 1107 716 1202 corpus
727 1121 824 1176 esset
837 1104 951 1176 livido
968 1103 1109 1176 rubore
1120 1103 1323 1194 suffusum

315 1237 398 1293 tum
420 1221 540 1292 multo
554 1204 687 1318 magis,
704 1222 893 1318 longeque
911 1237 1044 1319 praeter
1071 1222 1230 1295 solitum
1253 1222 1323 1298 suf·

314 1337 396 1414 fusa
414 1354 493 1410 erat
510 1339 671 1411 urethrae
684 1337 796 1412 facies
807 1340 985 1413 interior:
1007 1341 1209 1412 vixautem
1224 1342 1321 1416 aliud
1396 1357 1403 1431 l

314 1459 355 1528 in
384 1456 513 1529 foetido
536 1482 582 1530 eo
606 1457 786 1530 cadavere
809 1459 1124 1546 examinavimus,
1145 1462 1320 1558 occupati
1398 1440 1401 1485 ²

312 1575 465 1674 publica
483 1589 657 1647 anatome
670 1599 772 1648 anno
794 1576 905 1672 1718,
922 1592 959 1650 et
973 1577 1098 1648 minus
1114 1577 1316 1648 commoda

312 1693 525 1766 valetudine
543 1693 725 1791 impliciti.
745 1692 817 1765 sed
838 1693 1005 1766 indidem
1025 1709 1126 1766 certe
1146 1697 1315 1766 memini·

312 1837 417 1897 mus,
439 1811 646 1882 Valsalvam
672 1811 812 1908 pariter
835 1810 1172 1908 deducerequod,
1195 1814 1314 1884 vincta

298 1930 351 1999 'in
371 1930 463 1998 vivis
495 1927 650 2000 canibus
670 1929 805 2001 arteria
830 1943 993 2025 utraque
1018 1929 1215 2016 carotide,
1235 1956 1256 2002 a
1280 1955 1312 2002 se

311 2047 551 2118 observatum
566 2044 759 2134 narrabat,
776 2046 978 2120 tensoittos
995 2043 1109 2118 fuisse
1121 2072 1235 2144 pene.
1249 2052 1312 2119 Cu·

309 2165 369 2260 jus
390 2166 613 2236 narrationis
635 2173 713 2236 non
730 2188 810 2236 essa
824 2163 985 2240 oblitum
1007 2189 1068 2238 me
1081 2165 1311 2260 juvat,·cnm

310 2283 349 2354 i‘d
363 2307 458 2353 casu.
467 2282 759 2379 pr'aetermissum
777 2281 1035 2356 animadverto
1044 2283 1088 2352 'in
1104 2283 1155 2362 iis
1169 2282 1311 2356 schedis

307 2402 349 2470 in
372 2399 510 2497 quihus
531 2407 659 2473 caetera
686 2397 900 2484 adnotavit,
924 2413 1019 2497 quae
1040 2401 1310 2475 constrictisin

308 2518 407 2588 collo
433 2507 584 2589 ‘arteriis
607 2517 835 2592 acciderunt
861 2510 1055 2616 Ejusmodi
1075 2533 1206 2592 autem
1234 2511 1309 2590 vrt-

307 2633 756 2708 salv'ae'oommunioandis
769 2637 1056 2734 experimentis,
1068 2635 1202 2732 quae'in
1218 2635 1309 2732 epis·

306 2748 392 2822 tolis
418 2737 636 2823 anatomicis
654 2753 724 2850 (a)
744 2753 936 2852 pollicitus
959 2775 1064 2839 sitm,
1087 2769 1155 2827 me.
1177 2751 1307 2850 partite

306 2869 416 2956 alias,
444 2885 481 2940 et
508 2867 708 2968 diligenter
725 2896 804 2944 esse
821 2873 1135 2970 ‘propositurum
1155 2894 1229 2942 neo
1248 2883 1308 2940 'eo-

303 2987 389 3060 dem
412 2989 1061 3086 pertineusGaleniexperituentum
1085 2989 1305 3085 praetermis·

302 3131 455 3193 surum,
472 3105 819 3204 adeo'opportunus
837 3105 899 3180 hic
914 3121 968 3180 est
984 3108 1168 3192 locuS,ut
1180 3108 1303 3183 anteo

302 3239 399 3311 utar,
411 3222 896 3321 paremoccasionemhaud
906 3222 1014 3297 tante
1025 3243 1303 3320 sperem'meam

303 3341 487 3413 liberandi
507 3339 631 3412 fidem.
653 3347 705 3412 Eo
725 3344 826 3412 enim
846 3356 1035 3439 spectant,
1049 3357 1091 3411 ut
1117 3339 1166 3411 de
1192 3342 1306 3412 causis

302 3481 384 3555 quae
405 3455 567 3554 proferri
593 3460 732 3546 solent,
763 3485 895 3530 eorum
913 3459 1045 3529 mortis
1062 3457 1130 3556 qui
1151 3483 1304 3556 suspen-

301 3575 365 3646 dio
376 3575 600 3671 puniuntur,
610 3575 793 3670 judicium
804 3575 904 3653 ferre
914 3577 1113 3675 possimus.
1127 3577 1203 3648 Sed
1214 3600 1303 3675 quo·

342 3854 386 3933 (1)
407 3859 451 3913 De
463 3874 495 3911 re
513 3868 592 3912 anat.
608 3859 626 3913 l.
642 3858 671 3914 6.

338 3953 382 4031 (a)
402 3957 540 4025 X111‚n.
560 3957 607 4014 lo.
