2812 4660
153 449 222 496 mn.
251 448 290 495 11.
319 450 366 496 ou
391 447 535 498 nonnis.
552 450 746 517 monacis,
772 453 998 504 EPIS'r0'xvl1.
1028 433 1097 508 313

87 562 260 636 modum·
270 562 581 661 exsSepulchreto
593 566 678 664 ipso
688 565 743 662 (1)
757 555 980 666 cognosces,
996 571 1098 644 unde

89 695 274 779 praterea
290 680 494 778 intelliges,
512 682 605 779 quid
618 707 845 780 aneurysma
866 686 961 759 illud
980 690 1102 760 conti·

91 813 229 888 neret,
257 813 506 895 anquatenus
529 802 719 896 proximas
746 801 937 875 vertebras
963 821 1102 878 costas-

89 941 167 1014 que
176 917 349 988 vitiasset.
359 920 610 1015 Conspectum
620 916 660 988 id
670 943 772 990 anno
784 934 838 991 est
852 918 943 1018 1557
953 949 963 1008 3
973 924 1100 1019 sicque

91 1035 264 1108 additum
283 1034 434 1134 pondus
450 1036 495 1107 iis
509 1061 590 1133 quae
606 1037 797 1120 Fernelius
808 1041 1006 1139 scripserat
1017 1058 1098 1114 tum

90 1151 163 1222 ubi
185 1150 318 1222 docuit
337 1145 390 1248 (a)
409 1151 534 1226 cordis
561 1151 843 1250 palpitationem
870 1182 971 1255 stepo
1000 1175 1099 1230 arte·
1199 1216 1201 1221 .

91 1275 193 1340 riam
198 1271 314 1360 foras
340 1269 520 1341 dilatasse
537 1276 574 1340 in
590 1295 815 1366 aneurysma
839 1283 1022 1348 contracti
1025 1303 1098 1374 pu·

47 1391 50 1400 ’
86 1392 158 1480 gni
173 1386 449 1482 magnitudine,
468 1393 505 1460 in
522 1412 596 1485 quo
617 1404 655 1458 et
674 1404 775 1460 tacta
799 1406 837 1462 et
856 1398 941 1462 ausu
953 1400 1098 1491 conspi-

94 1527 167 1573 cua
179 1515 263 1572 erat
268 1503 439 1600 pulsatio
444 1520 555 1591 ,tum
573 1505 638 1576 ubi
656 1509 819 1578 externis
834 1511 1099 1606 aneurysmati-

93 1617 169 1690 bus
181 1621 406 1718 propositis,
425 1620 504 1694 haec
520 1621 680 1716 subjecit
698 1623 770 1720 (3):
791 1629 855 1694 Fit
873 1641 910 1694 et
924 1651 1097 1704 nonnun-

93 1761 211 1833 quam
221 1761 445 1837 aneurysma
456 1744 495 1807 in
510 1741 744 1810 interioribus
756 1746 916 1827 arteriis,
933 1749 1097 1814 momine

92 1856 161 1924 sub
184 1870 357 1955 pectore,
384 1860 483 1928 circa
508 1856 640 1926 lienem
664 1870 701 1925 et
730 1862 1004 1945 mesenteriumu,
1032 1860 1099 1928 ubi

91 1973 290 2044 vehemens
302 1997 403 2071 scepe
416 1973 583 2072 pulsatio
607 1972 926 2045 animadvertitur.
947 1978 1100 2046 Poterat*

92 2091 194 2160 enim
209 2089 289 2164 haec
302 2087 497 2164 tradidisse
508 2117 553 2162 ex
567 2091 804 2186 conjectura:
821 2113 890 2162 nec
906 2106 1006 2162 certe
1017 2115 1096 2160 om-

88 2207 148 2277 nis
164 2206 348 2305 pulsatio,
366 2209 606 2305 quantumvis
614 2207 835 2308 vehemens,
851 2206 898 2278 ab
913 2231 1102 2303 aneurys·.

90 2338 190 2396 mate
212 2340 289 2413 est;
309 2341 355 2402 ¹ut
368 2351 421 2396 ex
440 2328 578 2398 nostris
596 2352 749 2424 quoque
769 2325 1095 2398 observationibus

89 2441 181 2513 alibi
200 2441 270 2539 (4)
289 2443 519 2534 ostendetur.
547 2445 725 2544 Alioquin
747 2445 907 2517 eximius
926 2444 1094 2516 medicus

91 2560 285 2633 Ballonius
310 2563 377 2658 qui
401 2588 594 2660 nunquam
616 2568 796 2652 memoria
821 2588 893 2634 sua
922 2578 999 2634 tam
1017 2560 1094 2632 alte
1205 2639 1207 2644 A

81 2676 285 2774 palpitans
296 2678 857 2778 pulsansquehypochondrium
873 2686 1100 2777 contigerat*

88 2819 204 2892 quam
216 2797 256 2866 in
267 2801 285 2866 J
288 2821 411 2868 oanne
428 2802 655 2896 Formage03
666 2822 748 2876 uon
764 2823 801 2870 se
813 2799 863 2870 ita
877 2798 1000 2896 decipi
1013 2823 1093 2898 pas·

55 2999 66 3019 ⁸
91 2934 154 2982 sus
174 2925 288 2998 esset,
306 2927 348 2982 ut
365 2912 515 3002 subesse
538 2939 761 3010 aneurysma
782 2939 861 2985 non
878 2914 951 2986 nisi
971 2939 1017 2986 ex
1032 2939 1093 2984 re·-
1206 2943 1209 2951 ·

89 3030 247 3126 pentina
267 3044 387 3100 morte
402 3045 439 3101 et
459 3030 648 3102 cadaveris
663 3031 833 3106 ,sectione
850 3045 1092 3127 agnosceret,
1176 3071 1180 3079 ·

89 3144 412 3243 quemadmodum
435 3148 592 3220 candide
617 3145 751 3219 fatetur
779 3149 818 3242 in
838 3146 1004 3218 Consilio
1022 3145 1090 3243 (5)
1162 3247 1164 3252 ι

91 3264 252 3360 scriptu,
272 3289 372 3338 auno
395 3263 496 3362 1575.
518 3269 607 3353 Tot,
625 3279 738 3363 puto,
751 3263 837 3334 illos
854 3263 1091 3362 Hippocratis
