<?xml version="1.0" encoding="UTF-8"?>
<!DOCTYPE html PUBLIC "-//W3C//DTD XHTML 1.0 Transitional//EN"
    "http://www.w3.org/TR/xhtml1/DTD/xhtml1-transitional.dtd">
<html xmlns="http://www.w3.org/1999/xhtml" xml:lang="en" lang="en">
 <head>
  <title>
</title>
<meta http-equiv="Content-Type" content="text/html;charset=utf-8" />
  <meta name='ocr-system' content='tesseract 3.04.00' />
  <meta name='ocr-capabilities' content='ocr_page ocr_carea ocr_par ocr_line ocrx_word'/>
</head>
<body>
  <div class='ocr_page' id='page_1' title='image "./desedibusetcaus00chaugoog_0307.png"; bbox 0 0 2812 4660; ppageno 0'>
   <div class='ocr_carea' id='block_1_1' title="bbox 315 451 1153 527">
    <p class='ocr_par' dir='ltr' id='par_1_1' title="bbox 315 451 1153 527">
     <span class='ocr_line' id='line_1_1' title="bbox 315 451 1153 527; baseline -0.001 -1"><span class='ocrx_word' id='word_1_1' title='bbox 315 451 389 527; x_wconf 78' lang='lat'><strong>308</strong></span> <span class='ocrx_word' id='word_1_2' title='bbox 482 476 528 523; x_wconf 85' lang='lat' dir='ltr'><strong>nr</strong></span> <span class='ocrx_word' id='word_1_3' title='bbox 554 473 699 523; x_wconf 85' lang='lat' dir='ltr'><strong>srmrus</strong></span> <span class='ocrx_word' id='word_1_4' title='bbox 725 473 918 523; x_wconf 73' lang='lat' dir='ltr'><strong>ercnusrs</strong></span> <span class='ocrx_word' id='word_1_5' title='bbox 943 475 1153 526; x_wconf 74' lang='lat' dir='ltr'><strong>nonnosum</strong></span> 
     </span>
    </p>
   </div>
   <div class='ocr_carea' id='block_1_2' title="bbox 305 574 1316 1503">
    <p class='ocr_par' dir='ltr' id='par_1_2' title="bbox 305 574 1316 1503">
     <span class='ocr_line' id='line_1_2' title="bbox 311 574 1316 690; baseline -0.002 -26"><span class='ocrx_word' id='word_1_6' title='bbox 311 591 383 664; x_wconf 87' lang='lat' dir='ltr'><strong>sim</strong></span> <span class='ocrx_word' id='word_1_7' title='bbox 393 589 515 661; x_wconf 83' lang='lat' dir='ltr'><strong>statim</strong></span> <span class='ocrx_word' id='word_1_8' title='bbox 524 612 566 659; x_wconf 88' lang='lat' dir='ltr'><strong>ac</strong></span> <span class='ocrx_word' id='word_1_9' title='bbox 583 589 623 658; x_wconf 94' lang='lat' dir='ltr'><strong>in</strong></span> <span class='ocrx_word' id='word_1_10' title='bbox 639 587 878 660; x_wconf 88' lang='lat' dir='ltr'><strong>recensendis</strong></span> <span class='ocrx_word' id='word_1_11' title='bbox 891 574 1117 685; x_wconf 82' lang='lat' dir='ltr'><strong>quibusdam</strong></span> <span class='ocrx_word' id='word_1_12' title='bbox 1129 591 1215 662; x_wconf 83' lang='lat' dir='ltr'><strong>aliis</strong></span> <span class='ocrx_word' id='word_1_13' title='bbox 1228 592 1316 690; x_wconf 87' lang='lat' dir='ltr'><strong>epis-</strong></span> 
     </span>
     <span class='ocr_line' id='line_1_3' title="bbox 308 705 1313 806; baseline 0 -28"><span class='ocrx_word' id='word_1_14' title='bbox 308 707 398 778; x_wconf 80' lang='lat' dir='ltr'><strong>tolis</strong></span> <span class='ocrx_word' id='word_1_15' title='bbox 408 706 489 802; x_wconf 88' lang='lat' dir='ltr'><strong>ejus</strong></span> <span class='ocrx_word' id='word_1_16' title='bbox 499 705 670 776; x_wconf 87' lang='lat' dir='ltr'><strong>doctrina</strong></span> <span class='ocrx_word' id='word_1_17' title='bbox 687 719 724 776; x_wconf 86' lang='lat' dir='ltr'><strong>et</strong></span> <span class='ocrx_word' id='word_1_18' title='bbox 734 706 954 778; x_wconf 82' lang='lat' dir='ltr'><strong>auctoritate</strong></span> <span class='ocrx_word' id='word_1_19' title='bbox 964 731 1054 778; x_wconf 93' lang='lat' dir='ltr'><strong>usus</strong></span> <span class='ocrx_word' id='word_1_20' title='bbox 1069 705 1196 780; x_wconf 82' lang='lat' dir='ltr'><strong>fuero:</strong></span> <span class='ocrx_word' id='word_1_21' title='bbox 1213 707 1313 806; x_wconf 88' lang='lat' dir='ltr'><strong>quod</strong></span> 
     </span>
     <span class='ocr_line' id='line_1_4' title="bbox 309 815 1312 920; baseline 0 -26"><span class='ocrx_word' id='word_1_22' title='bbox 309 826 454 895; x_wconf 86' lang='lat' dir='ltr'><strong>utinam</strong></span> <span class='ocrx_word' id='word_1_23' title='bbox 475 823 514 892; x_wconf 91' lang='lat' dir='ltr'><strong>in</strong></span> <span class='ocrx_word' id='word_1_24' title='bbox 533 821 603 911; x_wconf 86' lang='lat' dir='ltr'><strong>hac</strong></span> <span class='ocrx_word' id='word_1_25' title='bbox 623 819 744 893; x_wconf 86' lang='lat' dir='ltr'><strong>faeere</strong></span> <span class='ocrx_word' id='word_1_26' title='bbox 765 823 981 920; x_wconf 89' lang='lat' dir='ltr'><strong>potuissem.</strong></span> <span class='ocrx_word' id='word_1_27' title='bbox 998 815 1144 895; x_wconf 61' lang='lat' dir='ltr'><strong>&#39;Verum</strong></span> <span class='ocrx_word' id='word_1_28' title='bbox 1168 839 1213 898; x_wconf 90' lang='lat' dir='ltr'><strong>tu</strong></span> <span class='ocrx_word' id='word_1_29' title='bbox 1231 847 1312 896; x_wconf 88' lang='lat' dir='ltr'><strong>cum</strong></span> 
     </span>
     <span class='ocr_line' id='line_1_5' title="bbox 309 938 1316 1039; baseline -0.001 -26"><span class='ocrx_word' id='word_1_30' title='bbox 309 941 429 1039; x_wconf 82' lang='lat' dir='ltr'><strong>leges,</strong></span> <span class='ocrx_word' id='word_1_31' title='bbox 447 940 557 1038; x_wconf 87' lang='lat' dir='ltr'><strong>plura</strong></span> <span class='ocrx_word' id='word_1_32' title='bbox 566 938 646 1034; x_wconf 88' lang='lat' dir='ltr'><strong>ejus</strong></span> <span class='ocrx_word' id='word_1_33' title='bbox 656 939 824 1010; x_wconf 81' lang='lat' dir='ltr'><strong>invenies</strong></span> <span class='ocrx_word' id='word_1_34' title='bbox 841 938 924 1010; x_wconf 73' lang='lat' dir='ltr'><strong>loca</strong></span> <span class='ocrx_word' id='word_1_35' title='bbox 941 964 1012 1038; x_wconf 88' lang='lat' dir='ltr'><strong>per</strong></span> <span class='ocrx_word' id='word_1_36' title='bbox 1021 965 1103 1037; x_wconf 91' lang='lat' dir='ltr'><strong>quae</strong></span> <span class='ocrx_word' id='word_1_37' title='bbox 1111 941 1245 1013; x_wconf 84' lang='lat' dir='ltr'><strong>tradita</strong></span> <span class='ocrx_word' id='word_1_38' title='bbox 1258 939 1316 1012; x_wconf 85' lang='lat' dir='ltr'><strong>his·</strong></span> 
     </span>
     <span class='ocr_line' id='line_1_6' title="bbox 307 1054 1309 1153; baseline 0 -23"><span class='ocrx_word' id='word_1_39' title='bbox 307 1057 443 1131; x_wconf 87' lang='lat' dir='ltr'><strong>litteris</strong></span> <span class='ocrx_word' id='word_1_40' title='bbox 464 1054 674 1127; x_wconf 80' lang='lat' dir='ltr'><strong>confirmes.</strong></span> <span class='ocrx_word' id='word_1_41' title='bbox 703 1055 815 1145; x_wconf 88' lang='lat' dir='ltr'><strong>Quod</strong></span> <span class='ocrx_word' id='word_1_42' title='bbox 844 1058 875 1127; x_wconf 91' lang='lat' dir='ltr'><strong>si</strong></span> <span class='ocrx_word' id='word_1_43' title='bbox 893 1057 933 1126; x_wconf 91' lang='lat' dir='ltr'><strong>in</strong></span> <span class='ocrx_word' id='word_1_44' title='bbox 960 1056 1128 1153; x_wconf 84' lang='lat' dir='ltr'><strong>quaedam</strong></span> <span class='ocrx_word' id='word_1_45' title='bbox 1150 1058 1309 1146; x_wconf 80' lang='lat' dir='ltr'><strong>incides,</strong></span> 
     </span>
     <span class='ocr_line' id='line_1_7' title="bbox 308 1171 1307 1272; baseline -0.001 -27"><span class='ocrx_word' id='word_1_46' title='bbox 308 1175 377 1246; x_wconf 92' lang='lat' dir='ltr'><strong>ubi</strong></span> <span class='ocrx_word' id='word_1_47' title='bbox 389 1173 485 1245; x_wconf 86' lang='lat' dir='ltr'><strong>forte</strong></span> <span class='ocrx_word' id='word_1_48' title='bbox 497 1175 596 1244; x_wconf 87' lang='lat' dir='ltr'><strong>inter</strong></span> <span class='ocrx_word' id='word_1_49' title='bbox 608 1197 677 1244; x_wconf 91' lang='lat' dir='ltr'><strong>nos</strong></span> <span class='ocrx_word' id='word_1_50' title='bbox 687 1171 965 1269; x_wconf 87' lang='lat' dir='ltr'><strong>discrepemus,</strong></span> <span class='ocrx_word' id='word_1_51' title='bbox 982 1173 1155 1270; x_wconf 87' lang='lat' dir='ltr'><strong>permihi</strong></span> <span class='ocrx_word' id='word_1_52' title='bbox 1167 1189 1307 1272; x_wconf 84' lang='lat' dir='ltr'><strong>gratum</strong></span> 
     </span>
     <span class='ocr_line' id='line_1_8' title="bbox 309 1289 1306 1387; baseline 0.001 -26"><span class='ocrx_word' id='word_1_53' title='bbox 309 1289 391 1362; x_wconf 85' lang='lat' dir='ltr'><strong>fore</strong></span> <span class='ocrx_word' id='word_1_54' title='bbox 415 1289 578 1377; x_wconf 79' lang='lat' dir='ltr'><strong>credite,</strong></span> <span class='ocrx_word' id='word_1_55' title='bbox 590 1290 622 1361; x_wconf 89' lang='lat' dir='ltr'><strong>si</strong></span> <span class='ocrx_word' id='word_1_56' title='bbox 640 1290 766 1360; x_wconf 88' lang='lat' dir='ltr'><strong>minus</strong></span> <span class='ocrx_word' id='word_1_57' title='bbox 780 1311 948 1372; x_wconf 85' lang='lat' dir='ltr'><strong>mecum,</strong></span> <span class='ocrx_word' id='word_1_58' title='bbox 966 1313 1080 1387; x_wconf 87' lang='lat' dir='ltr'><strong>quam</strong></span> <span class='ocrx_word' id='word_1_59' title='bbox 1100 1313 1189 1362; x_wconf 91' lang='lat' dir='ltr'><strong>cum</strong></span> <span class='ocrx_word' id='word_1_60' title='bbox 1209 1306 1306 1364; x_wconf 84' lang='lat' dir='ltr'><strong>tanto</strong></span> 
     </span>
     <span class='ocr_line' id='line_1_9' title="bbox 305 1399 1105 1503; baseline -0.003 -25"><span class='ocrx_word' id='word_1_61' title='bbox 305 1409 411 1493; x_wconf 73' lang='lat' dir='ltr'><strong>viro,</strong></span> <span class='ocrx_word' id='word_1_62' title='bbox 433 1399 553 1478; x_wconf 65' lang='lat' dir='ltr'><strong>facere</strong></span> <span class='ocrx_word' id='word_1_63' title='bbox 569 1405 757 1478; x_wconf 82' lang='lat' dir='ltr'><strong>malueris.</strong></span> <span class='ocrx_word' id='word_1_64' title='bbox 778 1407 921 1476; x_wconf 87' lang='lat' dir='ltr'><strong>Iterum</strong></span> <span class='ocrx_word' id='word_1_65' title='bbox 939 1405 1053 1503; x_wconf 84' lang='lat' dir='ltr'><strong>vale(</strong></span> <span class='ocrx_word' id='word_1_66' title='bbox 1079 1405 1105 1502; x_wconf 88' lang='lat'><strong>).</strong></span> 
     </span>
    </p>
   </div>
   <div class='ocr_carea' id='block_1_3' title="bbox 301 1715 1339 2318">
    <p class='ocr_par' dir='ltr' id='par_1_3' title="bbox 301 1715 1339 2318">
     <span class='ocr_line' id='line_1_10' title="bbox 301 1715 1339 1826; baseline -0.002 -26"><span class='ocrx_word' id='word_1_67' title='bbox 301 1775 304 1784; x_wconf 88' lang='lat'>·</span> <span class='ocrx_word' id='word_1_68' title='bbox 346 1742 391 1820; x_wconf 83' lang='lat' dir='ltr'><strong>(r)</strong></span> <span class='ocrx_word' id='word_1_69' title='bbox 411 1743 523 1804; x_wconf 83' lang='lat' dir='ltr'><strong>Huicee</strong></span> <span class='ocrx_word' id='word_1_70' title='bbox 537 1741 685 1817; x_wconf 69' lang='lat' dir='ltr'><strong>epistole,</strong></span> <span class='ocrx_word' id='word_1_71' title='bbox 705 1741 737 1799; x_wconf 88' lang='lat' dir='ltr'><strong>in</strong></span> <span class='ocrx_word' id='word_1_72' title='bbox 754 1759 815 1818; x_wconf 75' lang='lat' dir='ltr'><strong>qur</strong></span> <span class='ocrx_word' id='word_1_73' title='bbox 829 1743 979 1826; x_wconf 71' lang='lat' dir='ltr'><strong>precipue</strong></span> <span class='ocrx_word' id='word_1_74' title='bbox 990 1721 1145 1820; x_wconf 36' lang='lat' dir='ltr'><strong>egitur&#39;de</strong></span> <span class='ocrx_word' id='word_1_75' title='bbox 1150 1743 1304 1818; x_wconf 74' lang='lat' dir='ltr'><strong>pericardr&#39;i</strong></span> <span class='ocrx_word' id='word_1_76' title='bbox 1332 1715 1339 1744; x_wconf 30' lang='grc' dir='ltr'><strong>Χ</strong></span> 
     </span>
     <span class='ocr_line' id='line_1_11' title="bbox 305 1843 1301 1920; baseline -0.003 -19"><span class='ocrx_word' id='word_1_77' title='bbox 305 1844 452 1920; x_wconf 79' lang='lat' dir='ltr'><strong>hydrope,</strong></span> <span class='ocrx_word' id='word_1_78' title='bbox 473 1844 603 1919; x_wconf 85' lang='lat' dir='ltr'><strong>plurima</strong></span> <span class='ocrx_word' id='word_1_79' title='bbox 614 1861 684 1900; x_wconf 84' lang='lat' dir='ltr'><strong>sane</strong></span> <span class='ocrx_word' id='word_1_80' title='bbox 696 1843 766 1900; x_wconf 77' lang='lat' dir='ltr'><strong>addi</strong></span> <span class='ocrx_word' id='word_1_81' title='bbox 776 1844 959 1918; x_wconf 75' lang='lat' dir='ltr'><strong>potuissent3</strong></span> <span class='ocrx_word' id='word_1_82' title='bbox 975 1844 1033 1899; x_wconf 90' lang='lat' dir='ltr'><strong>hoc</strong></span> <span class='ocrx_word' id='word_1_83' title='bbox 1045 1844 1141 1900; x_wconf 86' lang='lat' dir='ltr'><strong>solnm</strong></span> <span class='ocrx_word' id='word_1_84' title='bbox 1155 1843 1251 1900; x_wconf 85' lang='lat' dir='ltr'><strong>dicam</strong></span> <span class='ocrx_word' id='word_1_85' title='bbox 1262 1861 1301 1899; x_wconf 89' lang='lat' dir='ltr'><strong>ne</strong></span> 
     </span>
     <span class='ocr_line' id='line_1_12' title="bbox 304 1939 1301 2022; baseline -0.002 -20"><span class='ocrx_word' id='word_1_86' title='bbox 304 1939 338 2002; x_wconf 85' lang='lat' dir='ltr'><strong>in</strong></span> <span class='ocrx_word' id='word_1_87' title='bbox 349 1945 439 2002; x_wconf 86' lang='lat' dir='ltr'><strong>domo</strong></span> <span class='ocrx_word' id='word_1_88' title='bbox 451 1944 683 2020; x_wconf 79' lang='lat' dir='ltr'><strong>parturientium</strong></span> <span class='ocrx_word' id='word_1_89' title='bbox 698 1963 773 2020; x_wconf 85' lang='lat' dir='ltr'><strong>saepe</strong></span> <span class='ocrx_word' id='word_1_90' title='bbox 786 1944 892 2022; x_wconf 82' lang='lat' dir='ltr'><strong>saepius</strong></span> <span class='ocrx_word' id='word_1_91' title='bbox 903 1944 935 2004; x_wconf 86' lang='lat' dir='ltr'><strong>in</strong></span> <span class='ocrx_word' id='word_1_92' title='bbox 948 1943 1141 2000; x_wconf 81' lang='lat' dir='ltr'><strong>cadaveribus</strong></span> <span class='ocrx_word' id='word_1_93' title='bbox 1155 1945 1301 2000; x_wconf 84' lang='lat' dir='ltr'><strong>mulierum</strong></span> 
     </span>
     <span class='ocr_line' id='line_1_13' title="bbox 303 2041 1301 2121; baseline -0.002 -19"><span class='ocrx_word' id='word_1_94' title='bbox 303 2057 373 2121; x_wconf 85' lang='lat' dir='ltr'><strong>post</strong></span> <span class='ocrx_word' id='word_1_95' title='bbox 392 2046 506 2120; x_wconf 83' lang='lat' dir='ltr'><strong>aliquot</strong></span> <span class='ocrx_word' id='word_1_96' title='bbox 525 2045 586 2100; x_wconf 86' lang='lat' dir='ltr'><strong>dies</strong></span> <span class='ocrx_word' id='word_1_97' title='bbox 610 2055 738 2121; x_wconf 80' lang='lat' dir='ltr'><strong>apertu</strong></span> <span class='ocrx_word' id='word_1_98' title='bbox 763 2045 971 2101; x_wconf 84' lang='lat' dir='ltr'><strong>defunctarum</strong></span> <span class='ocrx_word' id='word_1_99' title='bbox 988 2043 1136 2101; x_wconf 82' lang='lat' dir='ltr'><strong>invenisse</strong></span> <span class='ocrx_word' id='word_1_100' title='bbox 1157 2041 1190 2099; x_wconf 88' lang='lat' dir='ltr'><strong>in</strong></span> <span class='ocrx_word' id='word_1_101' title='bbox 1210 2046 1301 2120; x_wconf 84' lang='lat' dir='ltr'><strong>pleurt</strong></span> 
     </span>
     <span class='ocr_line' id='line_1_14' title="bbox 305 2141 1301 2220; baseline -0.004 -18"><span class='ocrx_word' id='word_1_102' title='bbox 305 2155 335 2202; x_wconf 90' lang='lat' dir='ltr'><strong>et</strong></span> <span class='ocrx_word' id='word_1_103' title='bbox 347 2144 379 2199; x_wconf 94' lang='lat' dir='ltr'><strong>in</strong></span> <span class='ocrx_word' id='word_1_104' title='bbox 392 2144 560 2219; x_wconf 84' lang='lat' dir='ltr'><strong>pericardio</strong></span> <span class='ocrx_word' id='word_1_105' title='bbox 573 2163 709 2220; x_wconf 83' lang='lat' dir='ltr'><strong>magnam</strong></span> <span class='ocrx_word' id='word_1_106' title='bbox 725 2143 843 2219; x_wconf 86' lang='lat' dir='ltr'><strong>copiam</strong></span> <span class='ocrx_word' id='word_1_107' title='bbox 859 2144 933 2215; x_wconf 82' lang='lat' dir='ltr'><strong>seri,</strong></span> <span class='ocrx_word' id='word_1_108' title='bbox 952 2143 1134 2220; x_wconf 82' lang='lat' dir='ltr'><strong>quandoque</strong></span> <span class='ocrx_word' id='word_1_109' title='bbox 1149 2141 1301 2200; x_wconf 79' lang='lat' dir='ltr'><strong>flavescen-</strong></span> 
     </span>
     <span class='ocr_line' id='line_1_15' title="bbox 304 2242 1300 2318; baseline -0.004 -17"><span class='ocrx_word' id='word_1_110' title='bbox 304 2245 358 2315; x_wconf 90' lang='lat' dir='ltr'><strong>tis,</strong></span> <span class='ocrx_word' id='word_1_111' title='bbox 373 2245 480 2315; x_wconf 81' lang='lat' dir='ltr'><strong>albidi,</strong></span> <span class='ocrx_word' id='word_1_112' title='bbox 492 2245 617 2315; x_wconf 81' lang='lat' dir='ltr'><strong>viscosi,</strong></span> <span class='ocrx_word' id='word_1_113' title='bbox 634 2243 763 2314; x_wconf 86' lang='lat' dir='ltr'><strong>turbidi,</strong></span> <span class='ocrx_word' id='word_1_114' title='bbox 780 2256 831 2301; x_wconf 85' lang='lat' dir='ltr'><strong>aut</strong></span> <span class='ocrx_word' id='word_1_115' title='bbox 847 2263 954 2301; x_wconf 83' lang='lat' dir='ltr'><strong>eruore</strong></span> <span class='ocrx_word' id='word_1_116' title='bbox 971 2245 1039 2318; x_wconf 83' lang='lat' dir='ltr'><strong>plus</strong></span> <span class='ocrx_word' id='word_1_117' title='bbox 1050 2242 1187 2299; x_wconf 62' lang='lat' dir='ltr'><strong>minume</strong></span> <span class='ocrx_word' id='word_1_118' title='bbox 1205 2242 1300 2300; x_wconf 85' lang='lat' dir='ltr'><strong>tincti:</strong></span> 
     </span>
    </p>
   </div>
   <div class='ocr_carea' id='block_1_4' title="bbox 301 2327 1380 2720">
    <p class='ocr_par' dir='ltr' id='par_1_4' title="bbox 301 2321 1382 2720">
     <span class='ocr_line' id='line_1_16' title="bbox 304 2327 1299 2429; baseline -0.001 -29"><span class='ocrx_word' id='word_1_119' title='bbox 304 2345 358 2424; x_wconf 82' lang='lat' dir='ltr'><strong>sed</strong></span> <span class='ocrx_word' id='word_1_120' title='bbox 378 2345 460 2418; x_wconf 88' lang='lat' dir='ltr'><strong>quod</strong></span> <span class='ocrx_word' id='word_1_121' title='bbox 481 2346 595 2414; x_wconf 81' lang='lat' dir='ltr'><strong>rarius,</strong></span> <span class='ocrx_word' id='word_1_122' title='bbox 609 2345 642 2400; x_wconf 91' lang='lat' dir='ltr'><strong>in</strong></span> <span class='ocrx_word' id='word_1_123' title='bbox 663 2344 807 2402; x_wconf 77' lang='lat' dir='ltr'><strong>cadavere</strong></span> <span class='ocrx_word' id='word_1_124' title='bbox 817 2345 950 2402; x_wconf 84' lang='lat' dir='ltr'><strong>mulieris</strong></span> <span class='ocrx_word' id='word_1_125' title='bbox 968 2355 1103 2402; x_wconf 88' lang='lat' dir='ltr'><strong>recenter</strong></span> <span class='ocrx_word' id='word_1_126' title='bbox 1115 2342 1226 2413; x_wconf 70' lang='lat' dir='ltr'><strong>enixe,</strong></span> <span class='ocrx_word' id='word_1_127' title='bbox 1246 2327 1299 2429; x_wconf 57' lang='lat' dir='ltr'><strong>{idi</strong></span> 
     </span>
     <span class='ocr_line' id='line_1_17' title="bbox 301 2441 1380 2519; baseline -0.003 -19"><span class='ocrx_word' id='word_1_128' title='bbox 301 2461 374 2500; x_wconf 86' lang='lat' dir='ltr'><strong>cum</strong></span> <span class='ocrx_word' id='word_1_129' title='bbox 384 2444 457 2498; x_wconf 83' lang='lat' dir='ltr'><strong>meis</strong></span> <span class='ocrx_word' id='word_1_130' title='bbox 469 2443 623 2518; x_wconf 77' lang='lat' dir='ltr'><strong>discipulis</strong></span> <span class='ocrx_word' id='word_1_131' title='bbox 637 2443 839 2518; x_wconf 78' lang='lat' dir='ltr'><strong>pericardium</strong></span> <span class='ocrx_word' id='word_1_132' title='bbox 854 2445 892 2502; x_wconf 81' lang='lat' dir='ltr'><strong>ab</strong></span> <span class='ocrx_word' id='word_1_133' title='bbox 911 2463 995 2515; x_wconf 76' lang='lat' dir='ltr'><strong>aere,</strong></span> <span class='ocrx_word' id='word_1_134' title='bbox 1014 2463 1065 2500; x_wconf 84' lang='lat' dir='ltr'><strong>seu</strong></span> <span class='ocrx_word' id='word_1_135' title='bbox 1076 2441 1172 2500; x_wconf 84' lang='lat' dir='ltr'><strong>fluido</strong></span> <span class='ocrx_word' id='word_1_136' title='bbox 1190 2442 1298 2519; x_wconf 76' lang='lat' dir='ltr'><strong>elastico</strong></span> <span class='ocrx_word' id='word_1_137' title='bbox 1379 2475 1380 2479; x_wconf 61' lang='lat'><em>=</em></span> 
     </span>
     <span class='ocr_line' id='line_1_18' title="bbox 305 2541 1379 2625; baseline 0.001 -27"><span class='ocrx_word' id='word_1_138' title='bbox 305 2553 366 2598; x_wconf 83' lang='lat' dir='ltr'><strong>tam</strong></span> <span class='ocrx_word' id='word_1_139' title='bbox 378 2544 499 2616; x_wconf 85' lang='lat' dir='ltr'><strong>plenum</strong></span> <span class='ocrx_word' id='word_1_140' title='bbox 519 2553 549 2600; x_wconf 91' lang='lat' dir='ltr'><strong>et</strong></span> <span class='ocrx_word' id='word_1_141' title='bbox 569 2543 729 2604; x_wconf 79' lang='lat' dir='ltr'><strong>distentum</strong></span> <span class='ocrx_word' id='word_1_142' title='bbox 745 2555 780 2604; x_wconf 83' lang='lat' dir='ltr'><strong>ut</strong></span> <span class='ocrx_word' id='word_1_143' title='bbox 792 2545 949 2622; x_wconf 81' lang='lat' dir='ltr'><strong>pulmones</strong></span> <span class='ocrx_word' id='word_1_144' title='bbox 968 2544 1159 2622; x_wconf 80' lang='lat' dir='ltr'><strong>deprimeret.</strong></span> <span class='ocrx_word' id='word_1_145' title='bbox 1183 2541 1296 2622; x_wconf 70' lang='lat' dir='ltr'><strong>(Adrou</strong></span> <span class='ocrx_word' id='word_1_146' title='bbox 1377 2543 1379 2625; x_wconf 69' lang='lat' dir='ltr'><em>J</em></span> 
     </span>
     <span class='ocr_line' id='line_1_19' title="bbox 307 2639 504 2720; baseline -0.01 -22"><span class='ocrx_word' id='word_1_147' title='bbox 307 2639 480 2720; x_wconf 81' lang='lat' dir='ltr'><strong>editorum.)</strong></span> <span class='ocrx_word' id='word_1_148' title='bbox 502 2657 504 2662; x_wconf 84' lang='lat'><em>·</em></span> 
     </span>
    </p>
   </div>
   <div class='ocr_carea' id='block_1_5' title="bbox 0 0 1410 4660">
    <p class='ocr_par' dir='ltr' id='par_1_5' title="bbox 0 0 1410 4660">
     <span class='ocr_line' id='line_1_20' title="bbox 0 0 1410 4660; baseline 0 5"><span class='ocrx_word' id='word_1_149' title='bbox 0 0 1410 4660; x_wconf 95' lang='lat' dir='ltr'><strong> </strong></span> 
     </span>
    </p>
   </div>
  </div>
 </body>
</html>
