2832 4662
180 441 259 516 ιιι.Ι
277 441 317 488 ιι.
346 441 392 489 ns
419 439 554 490 nonnis
580 440 998 506 rnomcis,ar1sr.xx.
1028 421 1097 522 587
1145 422 1148 428 ’

93 578 371 658 proponemus,
387 577 553 652 quorum
569 552 744 630 historias
756 581 828 630 nos
847 555 916 628 tibi
932 558 1020 632 alias
1043 559 1099 659 (1)

37 704 48 718 *
93 672 377 774 pollicitosesse
398 673 651 746 meminimus.

144 790 202 866 35.
219 792 372 864 iuvenis
381 816 568 862 annorum
579 793 857 890 propemodum
867 795 1000 892 viginti
1011 819 1101 894 qua·

92 927 199 998 tuor,
215 923 409 1010 pungente
420 910 625 1008 corripitur
642 910 773 983 dolore
784 913 825 982 in
839 911 926 982 laeva
938 912 1104 986 thoracis

93 1044 219 1128 parte,
235 1023 388 1101 difficile
402 1028 580 1126 respirat,
598 1029 761 1100 multum
779 1030 872 1118 sitit,
891 1031 1014 1119 tussit,
1037 1029 1103 1103 sed

93 1145 191 1218 nihil
209 1147 368 1243 exspuit.
394 1149 440 1216 In
468 1136 641 1218 affectam
662 1145 843 1220 duntaxat
865 1162 1010 1246 partem
1037 1147 1106 1227 dee

29 1285 33 1292 “
92 1245 258 1352 cumbit,
283 1261 524 1361 demissoque
552 1265 673 1360 capite
704 1265 829 1336 minus
860 1263 1102 1338 incommode

91 1382 178 1481 agit.
193 1381 360 1453 Tandem
381 1380 518 1466 indies
542 1386 714 1479 graviore
730 1379 823 1452 facta
844 1385 1103 1481 respirationis

92 1495 334 1589 difficultate,
353 1499 501 1571 decimo
517 1513 622 1571 sexto
637 1498 701 1570 -die
715 1500 886 1570 moritur.
905 1502 1036 1572 Pulmo
1056 1501 1102 1574 si·

91 1619 210 1690 nister
229 1615 401 1713 nudique
421 1616 644 1689 nectebatur
663 1614 783 1688 valide
808 1641 895 1698 cum
920 1619 1104 1712 ‘proximis

92 1734 285 1834 partibuS,
301 1747 458 1830 eratque
478 1731 749 1822 inflammatus3
770 1732 863 1830 quin
878 1733 976 1804 circa
995 1734 1104 1806 clavi·
1125 1780 1129 1789 ·

93 1853 214 1924 culam
233 1853 310 1948 jam
329 1839 568 1951 suppuratus.
583 1851 841 1943 ¹Pericardium
861 1851 1006 1948 ingenti
1024 1866 1104 1924 erat

93 1970 267 2042 humoris
286 1971 394 2069 copia
410 1970 623 2064 dilatatum,
641 1985 685 2042 ut
702 1967 764 2040 hic
786 1968 922 2040 merito
938 1968 1017 2064 ejus
1034 1967 1102 2066 hy-

93 2087 211 2186 drops
226 2090 355 2160 vocari
367 2103 502 2188 posset
518 2085 723 2160 Parietibus
738 2088 816 2172 erat
833 2085 941 2157 valde
960 2087 1103 2176 crassis,

94 2204 229 2304 hisque
248 2206 426 2294 interius,
451 2221 495 2277 ut
520 2203 626 2277 cordi
657 2205 821 2276 exterius
840 2204 1103 2280 concretiones

94 2323 267 2419 quaedam
285 2321 416 2394 albidae
433 2321 649 2396 substantiae
663 2320 859 2394 nonnulli-s
875 2321 915 2390 in
933 2321 1026 2393 locis
1038 2320 1102 2393 ad·

95 2438 297 2513 haerebant.
319 2444 393 2512 Cor
414 2465 568 2539 quoque
587 2440 686 2512 mole
703 2449 857 2512 auctum
872 2455 969 2512 erat:
995 2443 1103 2542 quod
1176 2467 1181 2474 ·

95 2555 187 2628 dum
200 2573 407 2642 secaretur,
416 2556 555 2630 liuidus
569 2559 708 2654 exejus
722 2557 940 2630 ventriculis
949 2561 1103 2659 sanguis
1154 2645 1155 2650 ,

94 2677 289 2748 emanavit.
314 2680 360 2746 In
379 2677 512 2750 iisdem
531 2677 658 2750 tamen
678 2679 827 2749 inerant
853 2693 891 2750 et
909 2679 1102 2779 polyposae

94 2793 373 2881 concretiones,
382 2795 504 2890 major
518 2794 558 2864 in
571 2793 872 2882 dextero,minor
883 2797 922 2866 in
937 2797 1100 2869 sinistro.

145 2908 203 2980 36.
221 2908 343 2998 Alter,
361 2912 428 3006 qui
441 2908 592 2982 duobus
602 2911 750 2992 circitor
761 2912 869 2983 annis
882 2913 1008 2984 minor
1023 2931 1107 2986 erut¹

94 3027 177 3116 illo,
196 3025 334 3124 dequo
347 3025 463 3098 modo
480 3025 623 3098 dictum
640 3044 714 3116 est,
731 3029 897 3128 primum
909 3028 956 3102 de
967 3028 1118 3106 dolore
1225 3063 1226 3067 ¹

95 3144 135 3211 in
146 3157 280 3215 ventre
293 3156 540 3240 conquestus,
554 3142 628 3214 hoc
643 3143 857 3234 desinente,
876 3145 1008 3218 dolore
1021 3171 1103 3220 cor·

96 3261 234 3358 ripitur
245 3261 285 3332 in
298 3259 452 3332 thorace
462 3257 708 3334 cumdifficili
717 3265 977 3361 respiratione,
989 3267 1102 3356 tussi,

98 3377 202 3448 etsiti
212 3377 378 3450 molesta.
395 3379 540 3452 Pronus
553 3379 702 3456 assidue
714 3380 840 3471 cubat,
851 3383 904 3454 sic
914 3395 1041 3455 tamen
1057 3401 1101 3458 ut

96 3494 136 3564 in
154 3492 349 3582 dexterum
373 3514 502 3596 vergat
521 3497 641 3570 latus:
664 3514 778 3598 caput
796 3515 922 3574 autem
939 3501 1101 3576 submis-

98 3635 180 3682 sum
194 3627 316 3701 tenet,
335 3629 377 3686 ut
393 3615 564 3714 plerique
582 3639 715 3688 eorum
734 3614 859 3690 solent
875 3617 1015 3716 quibus
1033 3643 1102 3717 pe*

137 3979 181 4060 (1)
202 3984 294 4060 Epist.
317 3988 367 4061 16,
391 3987 493 4060 ΜΒ.
