2832 4662
322 392 391 496 372
483 421 530 468 nn
556 419 702 469 sumnus
726 421 771 470 nr
795 417 921 470 causis
946 419 1158 470 nonnosum

319 536 367 606 tis
389 557 526 633 usque,
545 549 582 606 et
601 559 720 633 usque
743 559 927 611 venarum
947 534 1194 624 sectionibus,
1213 534 1328 636 vehe-

313 655 500 726 mentiam
518 653 671 752 quidem
685 651 881 753 frangebat
897 654 1246 753 peripneumonia,
1265 651 1328 726 sed
1409 637 1410 660 ¹

318 773 425 869 aegris
450 769 545 842 adeo
566 773 664 843 vires
691 771 881 860 demebat,
898 787 942 844 ut
962 771 1136 869 plerique
1158 794 1249 842 cum
1269 795 1326 842 ex·

318 879 515 986 pectorare
531 913 610 960 non
629 905 797 988 possent,
810 891 850 960 in
863 891 945 988 ipsa
959 887 1086 960 morbi
1106 888 1326 962 declinatio·

317 1029 366 1076 ne
387 1004 680 1095 suffocarentur3
700 1006 855 1104 quando
874 1004 1033 1092 ibidem,
1055 1007 1094 1077 in
1114 1004 1324 1102 eademque

315 1124 585 1195 constitutione
600 1123 693 1197 alter
710 1124 899 1215 medicus,
916 1125 983 1220 qui
997 1125 1225 1222 sanguinem
1241 1125 1323 1220 quis
1409 1217 1410 1230 ἵ

312 1239 401 1311 ¹dem
421 1239 612 1327 mittebat,
631 1240 695 1312 sed
715 1266 793 1312 non
809 1257 911 1314 extra
930 1241 1112 1328 modum,
1133 1265 1235 1337 pene
1252 1265 1324 1310 om·

312 1380 383 1428 nes
393 1356 573 1428 servabat.
585 1362 758 1430 Estcerte
771 1358 831 1431 vel
844 1357 1017 1444 senibus,
1030 1356 1173 1454 quibus
1182 1355 1321 1431 addere

313 1474 459 1546 animos
484 1477 623 1572 poterit
649 1473 736 1546 felix
758 1497 864 1548 casus
891 1473 1135 1565 Morescbatlr'
1160 1473 1210 1568 de
1232 1479 1322 1544 Bot-

312 1590 432 1662 zbet'm
455 1593 711 1690 nonagenario
742 1593 895 1688 majoris
917 1591 1017 1688 (r);
1040 1607 1120 1680 est,
1140 1592 1319 1689 inquam,

313 1723 413 1782 certe
430 1710 489 1781 vel
505 1709 658 1783 senibus
674 1710 713 1780 in
729 1709 803 1780 hoc
816 1708 952 1781 morbo
963 1707 1321 1806 sanguisdetrahen·

313 1827 406 1918 dus,
422 1843 458 1899 et
473 1826 616 1900 detraxi
625 1829 721 1926 ipse,
738 1853 825 1900 cum
836 1852 896 1900 res
907 1827 993 1900 tulit
1014 1842 1050 1898 et
1061 1827 1188 1916 licuit,
1206 1828 1318 1900 etiam

311 1945 461 2024 duobus
494 1945 775 2020 continentibus
802 1945 957 2034 diebus,
985 1945 1092 2016 utin
1119 1944 1318 2042 grandaeva

273 2155 276 2160 .
310 2063 492 2151 muliere,
508 2063 556 2134 ad
572 2087 686 2160 quam
702 2087 780 2134 non
800 2065 873 2136 nisi
887 2064 1022 2160 quinto
1042 2037 1316 2160 peripneumo-

309 2182 378 2252 niae
398 2181 458 2253 die
483 2197 638 2253 vocatus
660 2179 826 2272 fueram,
843 2187 951 2254 Anna
974 2182 1191 2268 Mazzonia,
1210 2181 1317 2275 cujus
1407 2215 1408 2220 ¹

307 2294 459 2397 sanguis
473 2300 585 2372 simul
602 2324 688 2372 cum
700 2315 779 2372 tota
791 2323 889 2399 aqua
905 2300 944 2370 in
955 2323 1066 2397 quam
1083 2296 1315 2386 mittebatur,
1409 2305 1410 2380 Ϊ

291 2408 447 2516 'quippe
466 2443 487 2490 a
503 2443 619 2490 manu
637 2417 869 2506 eductus‚in
882 2415 1314 2513 gelatinamconcresce·
1409 2453 1410 2466 ,

305 2533 388 2605 bat:
411 2534 476 2606 sed
495 2536 580 2632 plus
598 2561 677 2608 non
701 2535 846 2608 detraxi
868 2534 1009 2606 indies
1032 2533 1120 2606 iilos
1144 2531 1314 2631 singulos
1407 2615 1408 2618 Ἴ

305 2673 419 2746 quam
432 2652 561 2724 uncias
577 2653 733 2750 quinas,
749 2666 935 2750 quantum
949 2649 1123 2724 uidelicet
1137 2649 1314 2722 sinebant

304 2766 424 2856 vires,
443 2790 521 2870 non
539 2793 588 2838 eae
606 2767 723 2841 modo
741 2793 823 2868 quae
843 2783 924 2840 tum
946 2780 1067 2854 erant,
1085 2765 1152 2837 sed
1172 2781 1211 2838 et
1230 2791 1312 2864 quae

253 2980 255 2988 J
302 2882 1102 2983 expectorationiscausaservanrlaefuerant,
1114 2907 1311 2982 perquam

301 3003 399 3080 ultra
417 3001 517 3075 diem
536 3001 643 3076 fracti
664 3005 741 3100 jam
768 3003 894 3076 morbi
905 3002 1138 3102 :vigesimum
1154 3003 1313 3074 tertium

280 3118 464 3193 ·feliciter·
484 3121 730 3219 productam,
759 3121 908 3218 anibula
930 3119 1056 3192 evasit.
1088 3123 1239 3190 Verum
1263 3143 1310 3192 ne
1409 3155 1410 3224 ἔ

300 3253 432 3309 contra
459 3262 502 3310 ac
525 3239 708 3336 promisi,
724 3235 846 3310 facere
868 3237 1017 3323 videar,
1046 3235 1125 3306 haec
1150 3261 1308 3335 quoque
1409 3227 1410 3266 ³

300 3356 543 3428 omittamus:
566 3355 738 3453 illudque
771 3379 896 3428 unum*
920 3356 959 3426 in
991 3354 1192 3452 proposito
1219 3378 1309 3428 sene

298 3487 527 3571 spectemus,
547 3472 691 3546 facilius
704 3477 744 3543 in
765 3472 921 3546 dorsum
937 3471 1121 3546 cubuisse.
1210 3519 1215 3530 -

345 3590 461 3686 Cujus
486 3593 542 3663 rei
566 3615 676 3664 causa
699 3615 779 3665 non
797 3613 947 3690 semper
967 3590 1019 3662 ita
1040 3589 1081 3660 in
1099 3587 1307 3687 propatulo

329 3965 374 4043 (r)
394 3966 464 4024 vid·
477 3968 640 4026 Commerc.
653 3969 743 4026 litter.
752 3987 801 4026 an.
817 3975 908 4040 1744,
922 3962 1011 4024 hebd.
1027 3965 1060 4035 3,
1079 3984 1110 4020 n.
1132 3985 1157 4020 r.
