2842 4672
194 452 264 498 mn.
294 450 318 495 1.
347 450 393 494 nr
419 444 555 494 nonnis
581 442 741 507 camrrs,
767 426 986 489 rrrsr.'x111.
1050 420 1092 490 61

77 582 239 655 mento,
265 563 416 637 sentire.
440 561 562 658 Igitur
585 531 779 654 imperatis
803 581 886 652 quae
915 555 1097 630 hactenus

79 688 234 758 omissae
255 681 422 768 fuerant,
446 677 519 748 alui
546 673 815 761 subductione,
842 688 880 743 et
905 675 1101 772 sanguinis

78 804 342 888 detractione,
359 812 440 868 tum
457 818 539 891 quae
552 792 723 863 dolorem
742 789 964 878 mulcendo,
983 787 1097 861 fibras

80 926 227 996 leniter
245 924 434 1005 laxarent,
455 915 567 986 oculo
585 911 780 1000 adhibitis,
805 913 954 1007 nonita
975 911 1095 982 multo
1172 892 1178 902 ⁸

80 1056 174 1140 post
187 1039 302 1112 simul
322 1061 409 1109 cum
424 1031 597 1130 lacrymis
613 1029 748 1100 excidit
761 1030 892 1116 scoria,
905 1052 980 1127 qua
994 1029 1097 1126 elap-
1156 1111 1162 1122 x

83 1184 146 1249 sa,
165 1156 343 1228 facillime
363 1142 706 1228 omniaeva'nuere.
725 1147 804 1218 Nisi
824 1160 950 1217 autem
970 1171 1097 1244 perse

82 1274 307 1362 excidisset3
333 1283 544 1369 magnetem
569 1290 698 1338 rursus
722 1265 882 1360 experiri
897 1264 947 1333 'in
971 1266 1097 1336 animo

85 1411 184 1482 erat,
214 1390 363 1464 firmato
389 1411 457 1486 per
475 1400 605 1484 aptum
631 1381 783 1479 aliquod
803 1375 1097 1454 instrumentum

87 1512 225 1599 ocu10,
253 1520 302 1582 ne
321 1507 477 1578 moleste
496 1503 589 1576 adeo
610 1499 721 1574 simul
741 1519 826 1572 cum
849 1501 968 1572 scoria
987 1516 1098 1572 attra-

87 1631 259 1704 heretur.

139 1775 198 1820 aa.
223 1743 355 1832 Vides,
372 1757 414 1813 ut
427 1766 473 1812 ex
489 1739 706 1838 magneticae
723 1739 970 1827 attractionis,
988 1737 1096 1808 sicuti

89 1879 248 1952 vocant,
266 1861 518 1961 phaenomeno
535 1859 575 1927 in
595 1859 757 1953 speciem
774 1853 900 1924 inutili
916 1854 1018 1951 apud
1031 1879 1098 1927 eos

90 1983 252 2083 quidem
267 1979 435 2050 medicos
453 1975 539 2073 qui,
558 1975 747 2044 sinaturae
767 1994 881 2066 opera
904 1970 1020 2067 paulo
1043 1986 1098 2041 at-

90 2103 235 2174 tentius
250 2113 418 2196 spectare
436 2109 473 2166 te
491 2091 663 2177 videant,
691 2087 820 2159 odiosa
844 2089 1098 2186 percontatio-

92 2246 140 2293 ne
161 2219 361 2292 continuo·
375 2224 566 2312 quaerunt,
590 2205 788 2306 quidinde
808 2204 856 2276 ad
872 2205 1098 2278 medicinam

92 2333 328 2410 faciendam?
350 2329 484 2420 Vides,
512 2329 688 2425 inquam,
714 2347 795 2420 quae
823 2321 911 2394 inde
942 2324 1098 2396 existere

93 2454 235 2526 utilitas
251 2447 444 2522 interdum
457 2445 573 2544 possit
583 2459 620 2514 et
631 2441 679 2512 ad
689 2439 984 2538 dignoscendam
998 2466 1100 2511 mor-

94 2572 133 2645 bi
148 2594 302 2644 causam
320 2553 357 2638 et
375 2563 423 2636 ad
441 2561 659 2636 tollendam.
682 2558 784 2630 Nihil
804 2559 905 2630 enim
921 2557 1026 2630 dubii
1046 2575 1101 2632 est
1186 2589 1188 2597 ’

96 2693 187 2788 quin
213 2684 401 2785 ejusmodi
417 2683 543 2754 scoriae
556 2693 621 2750 aut
636 2680 735 2749 inter
747 2677 871 2763 initia,
892 2700 977 2747 cum
996 2674 1098 2748 fihrae

95 2805 274 2880 nondum
291 2805 499 2876 constrictae
515 2812 620 2886 sunt,
634 2810 698 2866 aut
713 2809 861 2892 postea,
876 2819 963 2865 cum
977 2794 1100 2865 laxan-

97 2942 176 3014 tur,
190 2923 299 2995 facile
310 2921 456 3019 possint
467 2917 577 2989 eximi
589 2913 772 3010 magnetis
786 2936 874 3008 ope,
892 2926 956 2981 aut
971 2912 1101 2983 saltem

97 3045 146 3115 ita
161 3039 362 3128 dimoveri,
378 3053 416 3109 et
434 3032 616 3134 protrahi,
633 3046 676 3102 ut
694 3029 766 3101 nisi
782 3052 901 3125 perse
917 3028 1101 3119 excidant,

98 3159 265 3232 volsellis
277 3169 419 3254 queant
436 3148 679 3250 apprehendi.
695 3149 826 3241 Neque
841 3142 920 3214 haec
935 3146 974 3214 in
992 3145 1104 3216 oculo

99 3292 250 3349 tantum
263 3275 361 3362 dico,
370 3268 435 3344 sed
446 3284 483 3340 et
493 3270 533 3341 in
543 3287 783 3364 quacumque
798 3262 860 3333 cui
871 3258 1104 3334 forte'infixae

101 3394 267 3497 fuerint,¹
279 3404 395 3489 parte,
413 3385 617 3485 praesertim
635 3405 722 3453 cum
741 3378 945 3478 aliquando
958 3380 1104 3480 vix'ap-

101 3524 278 3611 pareant,
294 3522 420 3584 anteo
442 3524 528 3575 cum
548 3500 703 3586 dolore,
727 3511 770 3567 ut
790 3521 916 3594 neque
940 3499 1105 3596 arripere

102 3632 245 3732 possis,
261 3628 291 3700 si
305 3625 413 3713 velis,
431 3636 496 3694 aut
511 3619 614 3717 aegri,
624 3615 886 3714 imprimisque
898 3617 1024 3714 pueri,
1043 3641 1109 3688 no-

104 3749 184 3820 lint.
203 3751 301 3818 Cum
312 3756 439 3814 autem
451 3739 601 3826 scirem,
615 3734 776 3829 majores
790 3756 885 3829 saepe
901 3732 1109 3830 emplastris

107 3891 187 3964 quae
203 3863 253 3934 ad
265 3857 539 3933 extrahendum
558 3855 814 3952 imponerent,
826 3864 1059 3948 magnetem,
1071 3851 1111 3922 in

107 3983 305 4082 pulverem
341 3975 633 4062 comminutum,
667 3967 926 4054 admiscuisse,
960 3965 1027 4062 qui
1052 3968 1114 4048 ¹sic
