2812 4660
190 447 259 500 nir,
287 447 328 492 11.
356 407 402 490 nr
428 441 563 490 nonnis
587 441 781 508 ruonaurs,
806 441 917 494 arim.
943 445 1047 495 xvrn.
1076 427 1145 526 387

140 573 331 658 quantum·
342 557 444 628 enirn
455 555 533 626 haec
543 555 815 628 retardabanta
831 559 989 631 sinistris
1001 567 1150 661 sangui—

139 679 201 748 nis
227 677 443 762 transitum,
469 688 575 744 tanto
605 674 692 770 plus
717 675 909 772 sauguinis
935 677 1085 750 videtur
1110 683 1150 752 in

140 796 298 867 dextero
315 793 526 864 ventriculo
539 792 744 880 cumulari,
762 807 798 863 et
811 791 1026 867 advenienti
1041 801 1151 885 reste

141 929 223 984 tere
242 911 436 998 debuisse,
454 910 520 1006 qui
540 928 625 980 cum
646 910 851 980 auriculam
876 933 955 982 nou
975 911 1152 1006 haberet,

141 1032 184 1100 in
211 1053 324 1126 quam
350 1028 495 1098 alterne
515 1025 733 1114 diverteret,
762 1041 867 1098 tanto
893 1030 1028 1125 majori
1045 1035 1154 1130 copia
1189 1055 1191 1058 ·

140 1145 294 1217 videtur
315 1146 504 1242 proximas
526 1167 643 1215 venas
662 1142 913 1217 distendendo
935 1169 1064 1220 earum
1088 1169 1153 1248 pst-

142 1266 273 1350 rietes,
288 1262 421 1359 hisque
438 1257 570 1334 ,affixas
586 1261 750 1332 valvulas
770 1263 920 1360 longius
940 1265 987 1336 ab
1011 1273 1077 1340 atie
1096 1288 1153 1340 re-

143 1382 324 1466 movisse,
346 1393 385 1450 et
402 1380 457 1450 sic·
479 1377 623 1452 facilius
645 1379 792 1450 traduci
811 1382 976 1476 potuisse
997 1405 1154 1458 ooneus·

145 1496 1152 1594 sus,quosapulpitantecordesursumvehernontius
1260 1591 1263 1598 ¹

145 1630 235 1688 eotae
263 1611 492 1708 tricuspides
512 1610 666 1680 valvulae
691 1613 864 1708 sanguini
896 1622 1152 1691 communica-

145 1733 268 1804 bant:
296 1726 620 1826 quemadmodum
640 1751 704 1798 eos
728 1729 767 1796 in
785 1729 960 1822 Morandi
982 1732 1155 1806 observa-

147 1852 251 1922 tione
273 1871 359 1918 cum
381 1869 485 1916 venae
506 1857 614 1916 esent*
636 1843 683 1914 ad
705 1843 881 1936 eumdem
906 1847 1064 1918 modurn
1082 1853 1156 1921 evi-

148 1967 283 2038 denter
297 1964 501 2062 disposita,
522 1963 649 2060 portio
662 1962 724 2032 illa
739 1963 933 2060 sanguinis
945 1970 1157 2038 commoni-

149 2083 278 2169 cahat,
293 2107 376 2178 quae
393 2081 590 2152 dexterum
610 2080 863 2153 ventriculum
881 2081 1157 2182 (quecumque

149 2212 248 2271 esset
266 2221 354 2295 vera
373 2199 465 2268 certi
492 2197 753 2295 impedimenti
778 2196 911 2296 causa)
932 2198 1059 2272 subire
1078 2219 1157 2274 non

57 2299 60 2306 ’
149 2330 313 2416 potens,
328 2337 476 2386 sursum
494 2339 515 2385 a
534 2301 781 2388 contrahente
797 2339 834 2388 se
845 2317 1158 2416 auricularepal·

150 2432 309 2506 lebatur.
336 2435 469 2504 Praeter
491 2432 562 2503 lios
586 2434 650 2504 alii
664 2432 829 2526 incidere
857 2445 1013 2530 possunt
1033 2455 1158 2527 oasuS,

150 2552 192 2620 in
210 2549 351 2646 quilius
370 2573 493 2647 neque
511 2550 664 2621 dextero
679 2551 910 2640 ventriculo,
930 2574 1055 2650 neque
1077 2555 1157 2650 ejus

151 2666 320 2740 aurieula
342 2665 522 2754 dilatatis,
538 2670 688 2764 sanguis
704 2683 853 2755 tamen,
866 2668 935 2738 illo
953 2691 991 2741 ee
1008 2686 1160 2744 contra*

153 2783 289 2869 haute,
305 2783 434 2856 redeat
453 2809 498 2856 ex
518 2802 623 2882 parte
643 2801 710 2881 per
730 2785 914 2856 orificium
932 2789 1087 2884 utrique
1104 2790 1161 2858 in-

68 2939 72 2944 ·
153 2901 352 2996 terjeetum
370 2902 410 2969 in
423 2919 559 2987 venae,
573 2916 710 2997 easque
724 2917 925 2998 propterea
943 2904 1085 2974 alterne
1105 2920 1161 2976 at»
1202 2964 1204 2968 .

154 3016 288 3090 tollat:
310 3032 352 3087 ut
368 3017 398 3088 si
417 3015 563 3087 vulvula
582 3019 706 3113 aliqua
726 3018 966 3114 triangularis
983 3023 1161 3115 strigosa,

154 3149 225 3206 aut¹
240 3130 516 3204 idllexilislaota
533 3134 595 3218 sit,
607 3157 728 3229 eoque
742 3137 871 3230 inepta
889 3132 935 3202 nd
952 3157 1060 3204 suum
1081 3134 1162 3208 offis

155 3253 258 3322 dium
270 3244 539 3348 praestandum,
550 3265 615 3320 aut
630 3253 661 3320 si
673 3250 869 3320 chordulae·
878 3251 1009 3346 aliquae
1018 3251 1064 3324 de
1077 3256 1161 3351 quia

156 3367 350 3440 busantea
369 3369 510 3439 <ticum
522 3382 595 3453 est,
606 3388 741 3454 erosae,
750 3383 814 3438 aut
831 3362 1024 3464 disruptae,
1039 3387 1103 3441 aut
1114 3373 1163 3443 la*

156 3485 1164 3584 xatae‚nonpossintampliusilairetineretalvulatn,ut

159 3601 347 3682 orificium
366 3602 560 3689 occludat,
573 3603 640 3674 sed
654 3625 675 3673 a
689 3605 870 3701 sanguine
884 3605 1006 3676 sinaut
1019 3624 1164 3677 extror—
1267 3669 1269 3674 ,

160 3727 245 3794 sum
265 3723 559 3818 inverti,sicque
578 3735 744 3817 apertam
766 3723 844 3817 ejus
859 3725 1046 3820 regressui
1065 3725 1164 3794 viam

162 3839 390 3935 relinquere.
412 3844 495 3910 Haec
512 3819 627 3937 igitur
644 3841 770 3908 omnia
784 3838 1034 3936 perpendenti
1046 3841 1097 3910 sio
1111 3843 1166 3912 vi-

164 3954 333 4044 debitur,
349 3971 389 4027 ut
403 3958 559 4053 opinor,
577 3958 725 4054 signu-m
744 3955 794 4026 ab
811 3956 982 4028 Lanoisio
995 3960 1167 4058 proposi·

819 4140 821 4144 .
932 4069 999 4144 25*
