2842 4672
284 401 293 426 .

284 442 327 514 16
448 463 493 508 oe
520 452 665 506 srmons
690 453 733 498 nr
759 446 882 496 cnnsrs
906 441 1116 492 nonnonuu

285 583 389 678 1741,
402 589 444 646 ut
461 596 585 668 neque
605 568 651 638 de
672 561 933 634 observatione
953 559 1038 630 Eliae
1058 558 1284 648 Camerarii,

279 691 406 792 ne'que
426 691 472 762 de
489 687 609 760 tribus
623 709 643 752 a
658 705 717 750 me
737 678 851 777 paulo
868 692 954 748 ante
970 673 1193 762 nominatis,
1210 675 1285 745 loci

279 814 379 884 illius
393 815 597 881 Concarum
618 794 888 894 interpretibus
911 793 1056 880 sileret,
1076 789 1205 862 addito
1231 793 1287 872 in·

282 955 396 1028 super
419 922 621 1002 Martiano,
646 915 753 1009 cujus
770 937 840 1010 ego
858 910 910 982 ibi
932 909 1285 1006 interpretationem
1304 961 1306 966 -
1416 983 1417 1006 ,

214 1047 229 1086 l
280 1047 347 1120 ubi
380 1065 457 1114 esse
489 1035 660 1119 deberet,
683 1029 846 1100 necdum
870 1027 1004 1130 reperi.
1029 1033 1083 1100 Ex
1105 1030 1150 1101 iis
1173 1031 1285 1102 etiam

281 1185 374 1264 quas
391 1179 512 1254 nuper
529 1152 621 1249 legi,
638 1144 960 1220 dissertationibus
976 1145 1037 1215 illa
1057 1143 1127 1220 fuit
1146 1152 1200 1218 Jo.
1219 1152 1285 1218 Be·

279 1277 365 1352 ned.
386 1267 543 1344 Godofr.
572 1265 715 1337 Oehme
741 1262 814 1359 (1),
837 1286 951 1358 quam
978 1263 1007 1332 si
1030 1277 1072 1334 tu
1093 1264 1282 1363 perleges,

237 1439 239 1443 v
281 1423 327 1470 cx
343 1389 547 1465 amaurosis
562 1385 697 1470 causis,
710 1404 871 1479 quarum
889 1403 960 1486 ego
975 1381 1189 1478 complures
1199 1383 1284 1478 qui-

282 1515 387 1600 dem,
408 1509 567 1596 sednon
582 1526 729 1587 omnes,
748 1499 809 1569 bic
822 1498 1100 1570 enumerandas
1115 1499 1283 1594 suscepi,

281 1632 369 1704 alias
399 1625 539 1726 poteris
565 1620 759 1715 colligere3
788 1630 868 1685 tum
891 1629 1069 1712 praeterea
1086 1613 1282 1685 dissectio-

280 1773 368 1822 nem
389 1745 443 1843 (a)
461 1753 573 1840 quam
590 1732 836 1834 Sepulchreto
854 1729 1023 1825 adjicias,
1035 1730 1183 1825 juvenis
1197 1745 1285 1827 post

280 1867 385 1938 hunc
398 1860 573 1933 morbum
588 1848 809 1937 extincti,ab
823 1844 1014 1918 Hafniensi
1029 1845 1178 1920 medico
1187 1871 1286 1932 ,cum

282 1985 411 2069 docto,
428 1981 495 2078 qui
512 1993 592 2048 tum
611 1967 776 2051 vivebat,
793 1962 1003 2063 professore
1021 1944 1168 2036 Guiizio
1182 1987 1286 2034 com·

282 2101 532 2180 manicatam,
553 2109 721 2176 necnon
741 2081 1012 2154 observationis
1029 2079 1288 2166 Valsalvae,il-

282 2221 432 2314 liusque
450 2209 626 2284 similium
646 2200 933 2299 explicationem
953 2197 1016 2291 (3).
1041 2196 1287 2274 Animadver.

282 2352 341 2407 tas
359 2346 484 2403 autem
504 2326 633 2404 velim,
661 2342 747 2388 cum
770 2316 913 2392 ciliares
936 2314 1042 2402 nervi
1067 2314 1106 2384 in
1127 2337 1288 2385 consen.

285 2477 367 2526 sum
385 2447 493 2520 tracti
519 2443 565 2513 ad
592 2433 838 2522 explicandas¹
852 2457 1067 2506 amauroses
1083 2448 1147 2504 aut
1164 2458 1184 2503 a
1202 2433 1289 2504 Val-

285 2570 402 2654 salva,
430 2578 530 2636 auta
550 2583 609 2630 me
629 2553 844 2626 observatas
866 2550 1119 2648 descriptasve
1135 2573 1289 2650 ponun-

284 2703 365 2772 tur,
385 2707 463 2752 non
479 2703 557 2750 esse
572 2674 656 2746 illos
668 2687 710 2742 ut
723 2671 800 2766 jani
812 2669 965 2739 oculum
979 2668 1168 2768 ingressos
1184 2689 1290 2765 spec-

247 2839 254 2853 ·
285 2800 440 2885 tandos,
457 2797 596 2894 quippe
616 2793 655 2861 in
676 2814 754 2886 quo
774 2785 868 2857 nibil
884 2801 975 2866 tunc
993 2786 1072 2855 vitii
1089 2784 1135 2854 ad
1153 2783 1290 2856 iridem

286 2917 477 2992 attinentis
488 2906 802 3008 conspiciebatur,
811 2903 875 2976 sed
888 2919 930 2974 ut
943 2904 1049 2974 nervi
1057 2903 1289 3000 opticiinvo-

287 3039 390 3112 lucra
413 3047 513 3105 arcte
539 3029 777 3126 comitantes,
800 3045 942 3118 eaque,
964 3022 995 3092 si
1020 3019 1172 3090 distenti
1194 3021 1289 3110 sint,

286 3170 351 3228 aut
377 3133 721 3231 distendend0,aut
743 3137 1035 3234 constringendo
1058 3137 1170 3208 simul
1201 3161 1290 3208 cum

287 3271 431 3343 inclusa
449 3265 553 3339 nervi
569 3258 735 3334 medulla
748 3256 998 3354 comprimere
1013 3253 1190 3326 valentes.

337 3389 371 3463 6.
388 3377 504 3456 Porro
514 3380 688 3454 suntaliae
699 3377 809 3450 etiam
820 3397 936 3445 causae
951 3397 1033 3469 quae
1044 3394 1180 3443 nervos
1190 3395 1291 3444 com·

289 3505 454 3608 primant
468 3502 636 3599 opticos,
656 3519 777 3593 eoque
792 3495 1017 3564 amaurosim
1029 3488 1232 3578 inducant,
1248 3491 1288 3560 in

289 3658 1289 3706 Μ

328 3807 373 3886 (1)
394 3807 439 3860 De
448 3801 616 3862 Amaurosi.
631 3762 635 3771 ‹
720 3871 722 3878 J

326 3907 370 3988 <a
392 3904 454 3976 ss.
549 3931 553 3938 1

328 4006 373 4088 (a)
392 4003 471 4065 nu.
