2812 4660
141 437 211 484 mn.
240 437 280 484 11.
310 436 356 483 nn
382 434 518 483 mouns
543 435 736 502 raonams,
761 437 872 486 nrrsr.
900 441 988 486 xvrr.
1018 416 1083 488 331

79 565 350 638 nascerentur,
379 565 628 646 centrumque
655 565 827 647 peterent
854 555 1090 644 mesenterii,

78 670 144 742 ille
156 693 273 766 quem
285 667 401 738 modo
414 667 700 764 designavimus,
718 669 982 742 intestinorum
995 687 1092 742 trac-

80 802 144 858 tus
163 787 278 858 certis
297 784 523 882 quibusdam
550 785 747 857 distinctus
771 801 850 858 erat
873 786 1093 859 albescenti-

79 904 155 976 bus
177 904 355 991 maculis‚
378 904 456 974 imo
477 905 600 1000 quasi,
625 919 667 973 ut
685 905 753 992 ait,
781 905 984 976 cavernulis
1003 911 1093 976 irre·

78 1022 235 1120 galeri,
261 1037 374 1118 atque
403 1022 473 1092 alia
497 1021 578 1094 aliis
605 1019 746 1118 figura,
773 1037 810 1093 et
836 1023 1094 1118 magnitudine

80 1139 264 1240 praeditis,
283 1154 325 1210 ut
343 1138 421 1218 alia
437 1139 575 1210 lentem
590 1139 885 1234 aequarentmlia·
903 1139 1018 1238 duplo
1037 1165 1092 1214 es·
1114 1173 1117 1178 ·

80 1273 169 1330 sent
209 1257 396 1352 majores,
427 1257 620 1330 nonnullae
651 1274 775 1328 autem
803 1260 969 1330 minores
1005 1286 1013 1328 :
1050 1285 1095 1332 ex

81 1374 227 1473 quibus
255 1375 321 1446 etsi
353 1398 438 1446 vasa
471 1375 532 1445 illa
560 1373 687 1444 videre
720 1399 797 1444 non
837 1379 959 1473 potuit
992 1401 1095 1474 egre-

81 1491 250 1580 dientia3
283 1515 324 1560 ea
358 1506 482 1563 tamen
512 1491 671 1563 credidit
697 1491 827 1564 iisdem
857 1517 942 1564 cum
973 1500 1095 1564 cister·
1187 1583 1188 1586 Ἴ

80 1608 182 1680 aulis
208 1610 507 1698 communicare,
526 1625 567 1680 ut
586 1635 668 1706 quae
686 1611 888 1680 certissime
910 1610 1021 1706 chylo
1039 1636 1094 1682 es·

84 1741 169 1797 sent
187 1726 365 1824 turgidae,
384 1727 492 1821 cujus
512 1751 683 1823 saporem
702 1751 788 1796 cum
807 1725 1032 1823 exploraret,
1050 1731 1095 1800 si-

82 1844 234 1933 milem,
249 1846 321 1940 nisi
338 1843 443 1942 quod
460 1842 578 1940 magis
597 1843 644 1914 ad
664 1843 803 1917 salsum
821 1843 1009 1941 vergebat,
1023 1845 1095 1916 lac-

82 1963 131 2033 tis
146 1963 302 2034 invenit.

142 2077 197 2150 15.
228 2083 278 2150 Ut
301 2103 467 2177 quarere
491 2080 726 2167 omittamus,
755 2103 801 2148 an
829 2080 936 2176 nigra
963 2078 1095 2150 illaad

85 2194 276 2266 bronchia
295 2220 456 2296 corpora
482 2195 666 2292 glandulae
684 2221 814 2267 revera
833 2210 956 2268 essent
977 2195 1096 2268 bron·

88 2313 396 2412 chiales‚.praeter
409 2338 558 2411 aequum
572 2311 727 2388 fortasse
738 2313 923 2402 adauctae,
941 2315 1020 2385 noli
1035 2316 1098 2384 mi-

88 2433 185 2520 rari,
209 2433 315 2529 quod
332 2433 430 2505 inter
447 2447 576 2505 caetera
593 2459 675 2530 quae
695 2432 830 2531 procul
850 2431 968 2504 dubio
992 2458 1095 2504 mor-

65 2548 181 2621 bosa
211 2565 315 2638 sunt,
339 2550 508 2646 quaedam
536 2552 738 2623 novissime
767 2549 1095 2648 descripserimuS,

86 2693 172 2764 quae
191 2668 238 2739 ad
253 2668 461 2739 naturalem
481 2683 617 2740 statum
631 2668 748 2766 magis
765 2670 922 2740 attinere
943 2670 1096 2742 videan-

86 2802 162 2856 tur.
178 2791 261 2858 Istae
278 2788 378 2856 enim
396 2785 605 2857 cisternulae
622 2787 742 2857 multo
763 2786 838 2858 huc
856 2790 973 2886 magis
990 2813 1097 2886 spec-

87 2920 168 2976 tare
188 2919 348 3001 possunt
368 2927 482 3001 quam
501 2904 563 2974 illa
583 2928 725 3002 magnae
743 2907 858 3002 partis
876 2906 1028 2977 alterius
1042 2932 1097 2976 re-

89 3023 151 3094 nis
170 3023 209 3092 in
231 3022 390 3094 vesicam
409 3021 587 3110 mutatio,
608 3022 653 3094 de
674 3046 748 3118 qua
769 3021 857 3092 alibi
875 3037 955 3092 tum
981 3023 1096 3119 scrip-

90 3142 233 3229 simus,
254 3154 334 3210 tum
353 3139 558 3210 scribemus
579 3137 647 3235 (1)
665 3139 852 3236 suspicari
874 3140 974 3210 enim
993 3139 1097 3226 licet,

91 3257 179 3329 ideo
209 3257 290 3328 illas
318 3254 535 3328 cisternulus
568 3258 783 3353 apparuisse
812 3257 963 3353 quoda
990 3271 1094 3330 tanto

92 3391 206 3448 aortae
232 3377 329 3446 intra
354 3374 549 3446 thoracem
575 3389 834 3470 aneurysmate
862 3399 1098 3473 compressus

91 3492 308 3564 thoracicus
327 3491 482 3580 ductus,
507 3480 763 3590 angustiorem
784 3493 882 3564 viam
903 3493 1015 3590 chylo
1040 3521 1097 3566 re-

90 3610 303 3707 linqueret,
323 3623 364 3680 ut
385 3608 583 3682 subsistere
610 3611 649 3680 in
677 3634 745 3682 suo
766 3627 834 3708 per
858 3613 1019 3710 parietes
1042 3613 1098 3682 in-

133 3983 180 4062 (r)
200 3985 271 4042 vid.
285 3985 378 4062 Epist.
396 3985 447 4058 38,
460 4005 490 4041 n.
506 3985 543 4062 39
556 3997 584 4042 et
597 4005 657 4062 seq.
