2812 4660
139 432 203 481 tra.
231 433 269 480 11.
297 432 343 478 na
359 431 503 502 ⁵nonius
528 429 721 494 monacis,
746 430 857 478 arisr.
883 432 984 480 xvrn.
1014 407 1083 508 377
1165 451 1168 457 ·

99 545 262 643 exempla
281 543 537 630 attendamus,
554 567 717 640 qnorum
736 567 801 614 cor
816 568 903 615 curn
921 559 1016 616 esset
1033 544 1090 615 di-

97 661 268 734 latatione
281 659 475 749 affectum,
497 685 542 731 eo
556 658 697 732 facilius
710 662 853 732 moveri
863 661 971 733 desiit
980 681 1090 759 ‚prte-

97 794 283 877 gravatum
302 779 499 866 nimirum,
518 793 555 850 et
571 803 678 865 mox,
706 780 736 849 si
760 778 853 876 quid
878 778 1092 865 accederet,

98 921 315 994 oppressum
343 921 457 967 onere
491 897 681 994 sanguinis
702 897 925 968 remorantis
941 923 948 964 :
967 896 1093 992 qualia

100 1015 290 1112 exempla,
317 1039 365 1084 ne
393 1013 494 1111 apud
521 1029 712 1102 auctores,
739 1029 804 1084 aut
833 1015 873 1085 in
900 1001 1092 1111 superiore

102 1132 252 1230 epistola
269 1130 323 1228 (1)
343 1155 506 1227 quaeras,
522 1131 560 1200 in
585 1130 810 1227 quibusdam
841 1132 1021 1228 proximis
1037 1131 1094 1200 in·

96 1250 216 1321 venies
235 1245 586 1340 observationibus(
613 1245 638 1342 ).

141 1371 172 1452 4.
191 1364 305 1436 Unde
320 1380 444 1437 autem
463 1361 601 1436 facturn
620 1363 805 1451 dicemuS,
822 1378 865 1434 ut
884 1387 949 1440 cor
964 1365 1003 1435 in
1018 1361 1093 1436 hoc

99 1480 269 1571 homine,
290 1483 336 1554 sit
352 1481 570 1553 dilatatum?
586 1485 672 1554 Erat
694 1484 742 1569 ei,
760 1496 802 1552 ut
819 1480 999 1570 diximus,
1015 1508 1095 1554 rna-

99 1622 165 1694 gna
186 1624 276 1697 pars
298 1602 423 1671 trunci
441 1614 553 1670 aortae
575 1613 707 1695 praeter
721 1597 888 1668 modum
910 1614 1095 1696 angusta:

58 1705 60 1712 ’
100 1740 259 1814 quaeres
282 1732 465 1815 quantum
486 1714 532 1786 ad
553 1713 787 1784 dilatandum
813 1739 879 1785 cor
897 1716 1033 1812 possit,
1060 1730 1098 1788 et

99 1855 181 1903 mox
199 1832 414 1932 apparebit,
433 1847 470 1904 et
488 1829 620 1902 collata
636 1855 722 1902 curn
735 1829 805 1902 hac
820 1845 967 1918 nostra,
982 1831 1097 1904 soler·
1177 1887 1179 1890 .

100 1949 225 2022 tissimi
245 1950 447 2022 anatomici
465 1946 637 2020 Meclielii
654 1947 707 2043 (3)
734 1947 944 2020 observatio
965 1950 1004 2018 in
1023 1949 1099 2019 vir-

100 2067 179 2162 gine
204 2066 351 2155 habita‚
371 2062 619 2136 confirmabit.
640 2063 696 2136 Ad
716 2063 790 2134 hoc
809 2065 960 2154 vitium,
980 2090 1000 2135 a
1020 2066 1099 2162 pri-

100 2183 255 2254 mordiis
279 2165 471 2277 umatum,
493 2182 647 2253 accessit
669 2196 799 2278 postea
819 2182 859 2251 in
879 2195 1010 2254 nostro
1029 2181 1100 2253 ho-

100 2300 199 2370 mine
212 2297 260 2380 id,
277 2279 358 2368 vitae
376 2306 496 2396 genu's
517 2298 622 2396 quod
646 2323 885 2397 progressum
909 2299 1100 2399 sanguinis

101 2439 167 2511 per
184 2441 269 2488 eam
291 2416 463 2488 arteriam
483 2416 543 2488 vel
567 2417 683 2515 magis
700 2413 891 2488 difficilem
911 2416 1098 2490 redderet.

100 2536 249 2610 Sutores
262 2534 363 2606 enim
380 2559 458 2606 non
474 2535 609 2623 modu,
625 2549 667 2605 ut
678 2535 800 2607 caeteri
813 2535 995 2606 cellularii
1016 2533 1099 2634 opi-

102 2647 206 2740 fices,
225 2676 382 2749 magnos
402 2650 485 2723 illos
504 2648 700 2724 inferiores
717 2652 859 2724 arteriae
877 2677 1001 2725 ramos
1021 2677 1101 2722 non

103 2790 176 2838 uno
196 2769 237 2838 in
254 2768 339 2871 locp
360 2767 406 2838 ad
433 2766 589 2866 angulos
610 2766 783 2856 flectunt,
806 2767 995 2866 flexosque
1013 2771 1102 2842 reti-

105 2899 211 2974 nent3
232 2884 298 2957 sed
323 2886 476 2983 insuper
494 2910 571 2982 quo
589 2888 705 2982 magis
723 2901 938 2957 antrorsum
961 2911 998 2956 se
1018 2911 1103 2958 cur-

106 3016 208 3092 vant,
226 3027 272 3076 eo
287 3003 403 3100 magis
423 3003 580 3091 ventris,
596 3025 691 3098 saepe
710 3003 749 3071 in
764 3026 896 3072 eorum
911 3001 1103 3098 plerisque

108 3117 208 3210 cibo,
230 3135 267 3192 et
287 3121 440 3220 potione
461 3119 583 3217 pleni,
600 3119 760 3206 viscera,
781 3132 818 3188 et
840 3141 908 3215 per
923 3116 1001 3188 haec
1025 3118 1104 3189 dia·

108 3233 286 3337 phragma
301 3262 454 3335 quoque
475 3231 749 3333 comprimunt,
767 3248 809 3304 ut
822 3235 947 3308 minus
958 3234 1107 3332 expedi·

111 3363 167 3424 tus
185 3355 318 3452 sit-per
339 3368 528 3442 ventrem,
551 3375 592 3422 ac
612 3376 679 3450 per
699 3349 894 3424 thoracem
915 3353 1105 3449 sanguinis

111 3484 250 3560 motus,
275 3471 496 3542 arteriarum
520 3469 649 3556 ramis,
672 3451 885 3566 truncoque
906 3469 988 3566 ipso
1014 3492 1103 3545 con·

149 3769 191 3846 (¹)
211 3776 249 3831 N·
268 3795 312 3832 10·

21 3901 25 3934 r
122 3882 126 3894 '
150 3867 383 3947 (2)N.8et14.

149 3966 194 4047 (3)
213 3975 301 4044 Mem.
316 3975 352 4032 de
368 3972 479 4030 l'Acad.
492 3975 526 4030 R.
537 3972 573 4032 de
584 3967 697 4041 Berlin,
711 3987 759 4026 an.
775 3967 860 4042 1750,

1216 3161 1217 3166 ἵ
1280 3193 1317 3232 Α
