2812 4660
146 457 215 504 mn.
243 457 283 503 11.
311 456 357 502 nn
383 455 518 503 nonnis
543 452 735 519 ruonsms,
762 455 876 504 rrrsr.
903 457 1003 506 xvm.
1033 436 1103 536 373

97 570 172 639 nisi
189 566 417 640 id'foramen
438 583 617 641 consueta
633 567 851 654 latitudine,
868 569 1102 667 longitudine

99 701 226 755 autem
252 682 377 755 fuisset
399 685 561 756 duorum
588 675 802 780 digitorum.
821 688 875 755 Ne
894 712 984 757 vero
1005 689 1103 761 inre

102 825 219 896 quam
246 799 346 897 apud
368 801 460 871 alios
481 825 585 871 nnnc
604 799 757 896 quidem
777 825 855 872 non
871 806 1027 873 memini
1052 806 1105 877 le·
1171 833 1174 839 ·

103 917 200 1013 gisse
213 971 222 1004 ,
237 916 418 988 obscurus
431 916 575 1004 videar,
591 916 642 988 sic
662 915 821 1006 habeto;
843 943 887 990 eo
907 921 1104 994 intervallo

103 1033 210 1130 quod
233 1034 346 1104 modo
362 1033 541 1120 indicavi,
561 1058 581 1104 a
604 1057 748 1104 summa
764 1034 862 1105 illius
879 1059 986 1108 arcus
999 1054 1106 1136 parte

101 1166 312 1223 retrorsum
324 1205 334 1236 ‚
348 1151 601 1248 deorsumque
612 1151 755 1238 relicto,
766 1153 957 1225 tendinem
966 1209 977 1241 ,
994 1155 1107 1230 linea·

103 1255 193 1340 rum
208 1293 342 1339 novem
354 1268 647 1340 Bononiensium
659 1258 975 1365 (r)longitudine,
992 1275 1105 1348 unius

104 1385 369 1473 crassitudine,
386 1386 433 1457 ab
449 1389 598 1457 interno
612 1385 727 1456 latere
744 1387 960 1483 appendicis
979 1389 1106 1464 dexte-

101 1529 154 1574 rae
171 1504 210 1573 in
234 1518 484 1574 transversum
506 1501 617 1576 fuisse
644 1502 800 1575 ductum
818 1507 857 1573 in
876 1504 973 1576 latus
992 1507 1105 1581 inter·

104 1645 201 1690 num
226 1621 408 1692 sinistra:
433 1623 561 1717 sicque
591 1621 688 1688 inter
706 1619 810 1689 hunc
836 1621 1047 1713 tendinem,
1070 1643 1107 1712 et

104 1737 215 1806 illum
231 1761 359 1810 arcum
375 1751 519 1807 nontam
536 1737 575 1804 in
592 1747 761 1804 ventrem
775 1760 811 1806 se
820 1737 1015 1830 trajecisse.
1032 1743 1107 1831 His,

106 1867 221 1951 atque
251 1855 347 1944 aliis,
373 1879 455 1951 quae
481 1851 543 1923 hic
568 1875 776 1922 memorare
808 1853 933 1924 minus
957 1855 1107 1950 attinet,

106 1973 334 2067 perspectis,
366 1995 451 2041 cum
470 1992 565 2038 vena
580 1991 691 2056 cava,
716 1991 791 2065 qua
819 1993 862 2039 ex
881 1969 1015 2067 hepate
1034 1972 1108 2046 dia·

106 2081 293 2185 phragma
323 2087 423 2174 adit,
454 2085 702 2174 incideretur,
727 2085 889 2157 ‘multum
917 2090 1107 2187 sanguinis

106 2202 275 2301 prodivit
286 2201 380 2272 adeo
395 2204 507 2272 crassi
517 2216 629 2298 atque
647 2202 737 2288 atri,
751 2217 792 2272 ut
809 2205 972 2301 spongiae
986 2205 1108 2278 adhae-

107 2334 208 2390 reret
224 2321 342 2414 magis
361 2341 474 2414 quam
496 2332 712 2416 sugeretur,
733 2320 926 2418 ipsamque
949 2323 1109 2422 tingeret

108 2436 310 2507 atramenti
328 2436 453 2506 instar.
470 2439 546 2510 Nec
559 2437 745 2506 minorem
765 2438 910 2535 copiam
926 2440 1109 2534 ejusmodi

109 2553 302 2650 sanguinis
315 2573 383 2649 per
398 2553 565 2622 eamdem
579 2577 713 2624 venam
729 2555 857 2626 exiisse
870 2560 1109 2654 posteainve·

107 2671 256 2756 nimus,
284 2694 368 2740 cum
392 2668 537 2741 decimo
561 2686 645 2768 post
663 2670 740 2760 die,
759 2673 826 2769 qui
844 2697 865 2742 a
889 2691 1009 2748 morte
1030 2694 1109 2751 erat

111 2787 281 2858 decimus
295 2787 443 2873 tertius,
467 2787 619 2884 singulis
640 2789 782 2860 interea
798 2793 938 2863 ventris
957 2795 1109 2867 visceri-

111 2903 188 2975 bus
201 2928 244 2974 ex
255 2901 387 2979 ordine
400 2901 678 2993 demonstratis,
689 2905 736 2975 ad
752 2905 908 2979 cadaver
921 2911 1111 3001 rediimus,

111 3019 210 3092 nihil
226 3034 442 3116 tempestate
460 3043 501 3089 ea
521 3017 652 3118 frigida
672 3044 781 3117 grave
800 3023 917 3095 olens.
942 3025 1109 3100 Thorace

112 3151 300 3223 reseram,
315 3137 354 3206 in
369 3150 531 3230 utroque
546 3137 625 3230 ejus
641 3161 730 3212 caro
749 3162 885 3234 aquam
903 3140 1109 3238 limpidam,

112 3278 194 3326 non
210 3268 333 3324 tamen
344 3240 518 3340 multam,
538 3251 874 3351 deprehendimus3
889 3257 1110 3352 pulmonem

112 3386 240 3444 autem
260 3370 454 3441 dexterum
473 3366 588 3441 ferme
607 3369 794 3466 undique,
813 3373 1001 3445 sinistrum
1020 3403 1110 3452 vero
1162 3449 1165 3455 χ

113 3515 161 3560 ex
190 3502 295 3584 parte
320 3487 499 3558 duntaxat
527 3488 651 3585 aliqua
676 3488 815 3585 pleurae
847 3491 1109 3566 adhaerentem.

110 3605 279 3701 Uterque
291 3602 479 3702 turgidus,
495 3603 558 3675 sed
569 3619 702 3676 neuter
716 3608 854 3704 gravis,
868 3626 930 3681 aut
947 3613 985 3680 in
999 3611 1111 3682 bron·
1188 3639 1190 3646 ·

111 3721 228 3808 chiis,
245 3700 414 3817 vasisque
438 3722 593 3806 caeteris,
622 3735 686 3792 aut
711 3721 916 3795 substantia
941 3727 1020 3822 ipsa
1050 3751 1111 3797 us-

927 3881 1109 3898 ‘m-

71 4039 72 4042 Ἴ
151 3977 196 4054 (ι)
216 3977 286 4036 vid.
301 3979 444 4036 Valsalvae
460 3979 496 4036 de
506 3996 576 4036 anre
588 3976 685 4050 hum,
699 3972 759 4036 tab.
772 3999 790 4053 9
802 3979 892 4052 adt,
