2766 4670
332 449 400 538 146
494 471 540 518 nn
563 469 711 518 sumnus
736 471 780 516 nr
806 467 929 516 causis
955 470 1165 520 nonnosum
1228 473 1232 482 ·

326 585 526 684 diligenter
539 598 750 681 persectum
764 597 830 670 est,
843 605 922 654 non
939 583 1055 655 modo
1069 601 1112 657 ut
1129 603 1334 664 anatomen‘

324 701 605 794 absolveremus
613 714 697 772 ante
706 697 870 771 februari
878 698 1328 802 finemanni1737,verurn

324 821 455 908 etiam,
465 834 509 892 ut
519 820 558 890 in
573 816 742 916 partibus
752 817 942 915 plerisque
952 819 1130 893 omnibus
1143 824 1330 896 nonnulla

321 953 693 1036 recognosceremus,
702 959 784 1032 quae
793 934 866 1006 alio
874 935 1044 1008 attinent.
1056 937 1198 1010 Iddurn
1207 939 1327 1031 fieret,

322 1078 406 1154 quoe
421 1069 555 1154 praeter
563 1069 735 1125 naturam
749 1066 892 1140 essent,
907 1051 985 1123 haec
995 1053 1272 1130 adnotavimus:
1285 1060 1324 1130 in

320 1172 522 1246 ventriculi
544 1169 636 1243 facie
652 1170 831 1242 interiore
851 1168 898 1240 ad
916 1167 1079 1242 fundum
1099 1173 1207 1270 nigra
1227 1197 1325 1272 quae-

321 1287 408 1362 darn
438 1303 580 1388 puncta
606 1281 874 1374 occurrebant,
901 1289 1008 1384 quasi
1038 1313 1153 1387 grana
1180 1291 1322 1364 tabacci

320 1407 529 1484 crassiora:
548 1429 632 1504 quae
648 1404 761 1503 paulo
788 1407 964 1477 attentius
983 1407 1162 1495 intuitus,
1183 1433 1323 1508 cogno·

317 1524 378 1612 ri,
392 1547 507 1622 parva
527 1523 698 1622 quidem,
724 1520 789 1594 sed
809 1537 910 1596 certa
929 1545 1008 1596 esse
1032 1526 1199 1618 necrosis
1222 1527 1322 1598 indi·

320 1641 395 1731 cia;
414 1657 495 1720 turn
518 1640 632 1740 paulo
657 1639 829 1737 superius
852 1639 1017 1712 maculas
1034 1639 1131 1714 duas
1153 1644 1322 1716 animad-

316 1759 562 1857 vertinigras,
575 1756 824 1856 etquarndarn
840 1779 961 1855 prope
970 1755 1039 1828 has
1054 1757 1321 1850 rubicundam,

317 1901 401 1974 quse
415 1876 612 1974 aliquanto
628 1875 791 1972 amplior
803 1888 901 1963 erat3
917 1889 954 1946 et
969 1897 1057 1946 vera
1072 1891 1170 1965 erat,
1188 1901 1321 1975 quam·

315 1995 373 2066 vis
395 1994 600 2084 levissima,
629 1992 866 2066 exulceratio.
895 1991 1060 2064 Mirabar
1084 2007 1210 2066 autem
1231 1995 1320 2094 quid

317 2127 432 2200 esset,
447 2112 554 2210 quod
572 2111 659 2184 talia
677 2135 822 2209 nuper,
845 2111 924 2215 imo
945 2112 1056 2184 stiam
1075 2112 1218 2208 majora
1234 2116 1319 2186 vitia

314 2230 355 2301 in
363 2229 594 2318 ventriculo,
606 2229 871 2328 etoesopbago,
885 2225 1063 2306 duodeno
1074 2229 1257 2304 intestino
1270 2228 1319 2302 ob

314 2343 766 2446 fendissempauperculae
782 2341 1317 2440 mulieris,acujusdissoctio·
1381 2397 1382 2426 t

314 2487 364 2534 ne
382 2477 584 2536 anatomen
597 2461 1001 2562 illarninchoaveram,
1020 2483 1106 2534 cum
1119 2462 1233 2562 longe
1251 2465 1317 2543 alia
1379 2541 1380 2572 ¹

316 2581 351 2649 ei
363 2577 499 2654 domus
511 2596 548 2653 et
557 2580 750 2680 agrotatio
762 2577 906 2668 fuisset,
920 2580 1015 2654 sicut
1029 2593 1072 2652 ut
1083 2603 1153 2651 suo
1165 2580 1256 2654 loeo
1267 2579 1317 2680 (r)
1378 2615 1379 2646 r

314 2693 362 2768 ad
373 2711 411 2768 te
428 2695 598 2774 scribam
616 2702 800 2772 Caeterum
817 2697 888 2768 viri
902 2719 1017 2795 quern
1034 2710 1113 2768 tum
1133 2698 1318 2789 secabant,

314 2814 426 2892 sslaesa
443 2839 597 2914 prorsus
610 2832 647 2889 et
659 2817 803 2914 gulam,
819 2829 856 2888 et
874 2815 1049 2887 intestina
1068 2813 1315 2912 deprehendi,
1375 2833 1376 2870 t

312 2933 386 3006 nisi
405 2933 509 3030 quod
523 2935 563 3004 in
576 2934 639 3006 ilei
649 2935 772 3032 prima
783 2946 888 3031 parte
901 2930 1105 3030 apparebat
1121 2933 1225 3006 intus
1241 2957 1316 3008 una

313 3066 378 3122 aut
392 3047 509 3123 altera
526 3051 800 3149 prominentia,
818 3048 967 3120 modica
986 3050 1103 3120 instar
1115 3051 1233 3149 apicis
1251 3054 1314 3124 mi·
1371 3027 1373 3092 ¹

312 3167 406 3238 nimi
434 3167 560 3266 digiti,
590 3193 635 3240 ex
662 3166 886 3251 substantia,
913 3181 954 3238 ut
981 3165 1203 3238 dissecando
1229 3190 1313 3266 per·
1370 3169 1371 3172 ’

305 3285 433 3381 speri,
457 3285 686 3374 rubicunda,
708 3307 779 3356 nec
802 3282 1050 3386 glandulosae
1076 3283 1162 3356 caeci
1187 3299 1312 3357 autem

313 3401 445 3499 exigua
460 3402 631 3499 quoedam
645 3402 787 3500 portio,
805 3401 898 3474 recti
913 3421 1004 3474 vero
1021 3377 1216 3498 aliquanto
1236 3425 1312 3473 ma-

309 3519 372 3614 jor
397 3517 568 3591 rubebat.
597 3517 689 3590 Lien
718 3520 831 3618 paulo
858 3520 1035 3607 crassior,
1060 3518 1169 3614 jecur
1197 3519 1310 3616 paulo

313 3636 460 3726 durius,
478 3653 515 3711 et
534 3636 786 3737 subpallidam
803 3638 925 3710 visum
943 3651 1014 3726 est,
1031 3635 1070 3706 in
1092 3633 1201 3730 cujus
1217 3637 1310 3708 vesi·

312 3757 397 3830 cula
410 3755 498 3829 bilis
512 3757 739 3846 subviscida,
759 3756 885 3828 colore
896 3754 1007 3833 viridi
1021 3752 1207 3826 obsoleto.
1223 3754 1307 3824 Uri-

350 4041 394 4120 (r)
413 4041 508 4118 Epist.
521 4033 575 4118 ἐς,
590 4063 621 4098 n.
637 4060 685 4099 ao.
