2832 4662
242 412 311 460 mn.
339 413 379 459 11.
408 413 454 460 nn
480 411 617 462 raonms
642 395 842 483 rnon‘acrs,
868 419 980 470 nerse.
1002 425 1061 470 xx.
1089 402 1160 502 607

155 524 312 608 cedente
328 524 551 624 superficie,
563 524 697 602 afferre
711 531 922 606 molestiam
935 555 1077 633 posset,
1098 565 1164 613 eo-

99 693 100 696 =
147 644 393 741 queminus,
413 670 489 741 quo
508 646 626 744 magis
640 662 677 719 et
692 650 932 746 magnitudo,
953 669 990 726 et
1005 654 1162 730 durities

154 762 420 862 progrediente
446 761 583 836 morbo
609 764 1006 868 augebantur.1taque
1030 775 1163 870 primis

155 878 288 952 diebus
306 881 548 978 plerumque,
566 883 707 956 ultimis
720 885 866 959 assidue
880 911 977 986 eger
994 891 1034 962 in
1051 889 1161 964 affec·

154 1012 236 1072 tum
249 998 411 1072 cubabat
425 1000 531 1072 latus.
867 1081 871 1090 ,

205 1116 262 1190 53.
277 1117 453 1192 Famulus
472 1119 609 1216 equitis
621 1118 836 1216 cujusdam,
853 1147 973 1196 annos
989 1139 1100 1202 natus
1115 1126 1164 1200 ad

155 1236 431 1334 quinquaginta
455 1237 644 1334 quinque,
675 1238 722 1310 de
756 1239 888 1313 dolore
921 1244 1096 1339 queritur
1119 1245 1162 1320 in

154 1351 280 1424 medio
296 1353 462 1446 thoracis
480 1381 488 1424 :
509 1354 549 1424 in
565 1355 721 1426 dorsum
740 1357 879 1430 cubare
895 1359 1078 1436 duntaxat
1094 1385 1162 1459 po-

156 1487 249 1560 test,
267 1487 304 1544 et
323 1471 501 1544 nonnihil
522 1473 561 1542 in
586 1472 684 1544 latus
706 1473 909 1546 sinistrum.
930 1481 1062 1552 Erecta
1082 1505 1162 1554 cer·

154 1590 235 1662 vice
250 1591 392 1688 spirare
407 1590 565 1688 cogitur.
585 1590 654 1662 Die
675 1605 779 1662 sexto
799 1593 936 1666 interit.
962 1594 1095 1668 Pulmo
1112 1601 1162 1672 si-

154 1708 292 1797 nister,
315 1707 472 1780 dorsum
491 1731 641 1796 versus,
664 1703 766 1780 totus
793 1707 1032 1808 multumque
1053 1712 1163 1788 indu-

154 1841 297 1913 ruerat,
318 1841 355 1899 et
376 1827 516 1924 pleurae
533 1850 618 1923 quae
633 1825 869 1924 aliquantum
888 1827 1071 1919 rubebat,
1094 1831 1162 1908 ad·

155 1942 320 2016 herebat
336 1944 478 2034 valide,
498 1945 609 2017 etiam
621 1969 697 2042 qua
708 1943 787 2018 haee
805 1939 1051 2045 diaphragma
1071 1973 1161 2022 con·

153 2062 274 2134 vestit.
290 2062 424 2134 Pulmo
445 2062 576 2134 dexter
588 2087 702 2136 sanus
714 2079 811 2154 erat3
827 2089 1046 2165 quanquam
1059 2067 1102 2140 in
1114 2063 1160 2142 eo

155 2177 322 2254 thoracis
341 2204 432 2254 cavo
451 2181 646 2278 paululum
660 2206 793 2255 serosae
813 2185 976 2256 materiae
993 2185 1162 2260 animad-

154 2297 372 2370 vertebatur
389 2297 518 2370 similis
539 2301 636 2398 puri.
663 2303 770 2397 Aqua
788 2301 830 2372 in
850 2301 1062 2399 pericardio
1081 2317 1163 2376 tur-

154 2414 254 2486 bida.
272 2420 317 2488 In
335 2416 460 2490 cordis
477 2418 690 2490 ventriculo
706 2417 861 2491 dextero
873 2443 961 2492 cnm
976 2420 1162 2518 ¹polyposa

61 2603 63 2610 Α
155 2535 398 2608 concretione
416 2537 655 2634 sanguiserat
672 2537 713 2607 in
730 2562 884 2650 grumos
901 2551 1078 2628 coaetus3
1095 2542 1161 2636 qui
1183 2629 1186 2634 r
1293 2575 1297 2588 1

154 2651 244 2725 alibi
259 2651 425 2753 aliquem
445 2653 606 2728 fluorem
621 2654 802 2728 servabat
1148 2723 1151 2728 .

205 2772 263 2861 bd.
290 2774 452 2862 Historia
476 2774 555 2846 haec
588 2775 694 2864 satis,
719 2773 825 2871 quod
850 2773 897 2846 ad
924 2733 1163 2873 propositum

157 2907 321 2990 spectat,
348 2890 478 2962 similis
505 2891 661 2988 prioris,
688 2891 719 2970 si
741 2890 788 2962 ad
814 2890 973 2964 similem
1004 2892 1163 2966 modum

157 3027 239 3083 tum
254 3004 358 3108 quod
375 3008 422 3078 ad
437 2994 758 3094 observationem,
771 3021 854 3080 tum
868 3006 974 3103 quod
988 3007 1034 3078 ad
1049 3009 1164 3106 expli·

159 3131 345 3202 ontionem
356 3127 537 3226 pertinet,
556 3150 578 3196 a
596 3141 633 3198 te
655 3125 901 3223 intelligitur3
921 3149 1002 3196 non
1022 3139 1077 3197 est
1095 3149 1164 3197 cur

158 3246 268 3345 plura
280 3245 426 3316 addam.
441 3248 583 3316 Verum
594 3245 688 3316 scire
701 3239 856 3352 fortasse
870 3243 995 3341 cupis,
1008 3266 1056 3314 an
1065 3267 1165 3340 pun-

160 3363 474 3461 gensdolortunc
491 3361 622 3433 saltem
638 3375 748 3432 vexet
766 3385 853 3434 eum
870 3359 1010 3462 pleurae
1022 3358 1164 3432 inflam-

159 3485 275 3553 matio
299 3477 464 3579 perfecta
491 3495 556 3552 est
581 3483 687 3552 Duos
716 3477 936 3576 hujusmodi
966 3476 1163 3573 subjiciam

162 3621 285 3689 casus,
307 3621 354 3669 ex
380 3623 547 3698 quorum
571 3599 696 3697 primo
716 3619 868 3669 vexasse
897 3595 1101 3694 intelliges;
1119 3621 1164 3670 ex

160 3716 279 3790 altero
295 3733 440 3806 autem,
459 3743 538 3789 non
555 3740 715 3788 vexasse.

211 3834 266 3906 55.
295 3837 388 3907 Viro
415 3836 485 3924 illi,
516 3835 622 3930 cujus
648 3833 827 3904 diuturne
857 3845 893 3902 et
916 3830 1018 3900 varia
1043 3789 1163 3919 inala,

160 3950 207 4023 ad
234 3969 404 4026 ventrem
427 3951 503 4026 fere
528 3950 740 4061 attinentia,
766 3950 1013 4045 vitiatumque
1032 3948 1163 4022 inven-
