2750 4658
158 409 222 459 mn.
250 409 289 457 11.
318 409 365 456 nn
391 403 528 454 moruus
553 401 746 470 rnormcrs,
773 405 885 454 nrrsr.
912 407 986 456 xvi.
1016 385 1086 475 245

92 523 344 598 melancholici
361 521 668 618 temperamenti,
688 520 755 616 qui
771 521 920 619 egregie
940 547 1088 622 semper

91 643 269 740 valuerat,
291 640 413 711 donec
434 663 535 709 anno
555 651 641 708 ante
663 636 835 710 laborare
859 640 974 737 coepit
991 640 1089 712 diffi-

89 760 217 831 cultate
243 756 427 856 spirandi,
451 780 531 855 quae
554 755 691 826 sensim
717 770 884 827 creverat
907 757 1024 846 ade0,
1047 773 1092 832 ut

87 876 232 949 tandem
248 901 268 946 a
283 874 403 971 tribus
425 889 490 944 aut
503 887 667 970 quatuor
681 872 876 945 mensibus
893 873 1090 948 hominem

88 1009 232 1094 cogeret
250 993 330 1064 dies
348 1005 558 1088 noctesque
572 991 612 1059 in
631 989 747 1078 lecto,
762 1015 810 1062 ne
827 987 1089 1084 suffocaretur,

87 1111 222 1184 sedere.
254 1115 340 1182 Erat
365 1125 457 1182 tunc
481 1107 724 1196 macilentus,
742 1108 849 1179 nullo
874 1135 922 1181 ne
947 1111 1090 1208 pedum

85 1229 253 1327 quidem,
266 1247 495 1300 manuumve
506 1235 672 1316 tumore,
683 1227 854 1324 utrisque
871 1244 997 1300 autern
1011 1230 1090 1328 ple·

85 1373 241 1445 rumque
271 1343 504 1443 subfrigidis,
519 1369 655 1443 parum
683 1343 817 1417 vividis
844 1345 1089 1437 oculis,facie

85 1480 224 1551 autem,
246 1462 312 1536 sed
331 1462 445 1534 labris
465 1464 690 1561 praesertim,
706 1487 755 1534 ne
774 1460 870 1534 forte
893 1465 955 1536 hic
974 1466 1090 1542 verba

83 1583 242 1653 auctoris
250 1581 365 1654 latine
378 1579 560 1670 reddenS,
577 1581 755 1670 obscura,
769 1597 834 1652 aut
846 1582 1022 1681 ambigua
1035 1583 1089 1656 la-

84 1700 191 1787 ciam,
210 1698 241 1768 d
245 1698 304 1768 'un
310 1704 389 1796 gris
403 1697 451 1767 de
449 1699 519 1789 ser
528 1699 672 1768 obscur.
679 1703 811 1784 ¹Jussus
821 1700 860 1768 in
875 1699 1089 1794 dexterum,
1104 1713 1108 1726 '
1124 1795 1131 1806 .

82 1832 114 1889 et
130 1841 221 1887 mox
234 1818 276 1886 in
289 1813 482 1888 sinistrum
498 1813 595 1885 latus
609 1814 751 1909 jacere,
766 1816 847 1913 pari
859 1817 898 1885 in
912 1820 1089 1890 utrumli-

82 1932 140 2005 bet
162 1959 255 2008 cum
273 1932 444 2005 molestia
466 1931 603 2028 jacuit,
623 1932 663 2000 in
684 1931 838 2004 dorsum
859 1950 985 2006 autem
1001 1960 1089 2009 curn

81 2057 197 2129 multo
208 2055 362 2151 majori,
375 2068 545 2151 tuncque
558 2050 665 2124 faciei
680 2053 787 2125 color
799 2055 1089 2148 obscurabatur,

80 2175 211 2271 pulsus
237 2174 355 2270 magis
384 2169 500 2243 fiebat
525 2187 563 2242 et
590 2196 746 2270 parvus,
767 2189 804 2246 et
830 2171 1032 2272 frequenS,
1053 2191 1090 2249 et

80 2291 291 2390 inaequalis,
312 2306 484 2362 extremae
495 2304 620 2361 autem
634 2306 758 2390 partes
771 2293 961 2391 corporis,
974 2295 1088 2392 paulo

78 2403 295 2508 frigidiores
310 2407 549 2481 videbantur.
573 2410 641 2480 Hic
650 2433 867 2507 quanquam
883 2426 964 2483 tum
977 2414 1090 2486 etiam

79 2527 212 2599 electo
230 2526 277 2597 ad
294 2527 419 2626 ignem
431 2526 608 2597 accedere
626 2551 747 2624 perse
764 2543 930 2624 poterat,
948 2533 1089 2629 postri-

78 2643 135 2716 die
163 2660 296 2716 tamen
322 2644 422 2715 inter
446 2642 713 2740 prandendum
738 2660 912 2718 mortuus
930 2665 1088 2748 repente

76 2776 152 2850 est,
183 2760 366 2832 morbum
400 2775 437 2830 et
470 2774 633 2832 mortem
666 2779 1021 2862 praecognoscente,
1052 2783 1090 2842 et

75 2878 308 2975 praedicente
333 2878 567 2949 Vieusscnio.
594 2879 668 2968 Qui
693 2877 741 2948 ad
770 2880 948 2952 morbum
972 2883 1092 2957 inter-

76 2995 317 3068 noscendum
337 3019 419 3092 quae
435 2995 602 3092 potuerit
616 3020 661 3066 ex
677 2996 799 3091 prima
820 2997 883 3068 illa
899 3001 1009 3096 pueri
1020 3000 1090 3072 ob·

76 3115 294 3191 servatione
321 3112 461 3184 indicia
487 3112 614 3209 sequi,
630 3109 864 3184 conferendo
890 3116 1087 3216 intelliges.

76 3235 193 3302 Certe
213 3229 261 3301 ad
281 3229 458 3301 eumdem
477 3227 676 3330 morbum,
690 3231 862 3326 quamvis
880 3255 967 3303 cum
989 3234 1090 3326 aliis,

73 3364 110 3420 et
119 3349 355 3420 nominatim
364 3371 454 3420 cum
467 3346 632 3420 thoracis
642 3345 815 3446 hydrope
824 3349 1089 3445 conjunctum,

73 3467 114 3536 in
133 3467 215 3538 alio
230 3490 316 3538 mox
329 3491 449 3564 puero
467 3463 767 3564 dignoscendum
778 3465 867 3538 hinc
881 3467 1038 3541 ductum
1053 3498 1090 3546 se

72 3609 181 3674 esse,
201 3582 337 3655 fatetur
355 3585 394 3654 in
423 3581 588 3656 secunda
606 3581 653 3654 de
677 3582 751 3656 illis
776 3599 941 3681 quatuor
960 3588 1091 3662 obser-

70 3704 256 3791 vatione,
275 3700 380 3798 qnod
403 3701 443 3772 in
467 3715 547 3772 toto
573 3699 700 3772 morbi
721 3725 942 3805 progressu,
959 3720 996 3780 et
1019 3705 1091 3777 sub

72 3815 203 3889 finem
224 3817 418 3916 palpitatio
446 3817 571 3890 cordis
602 3815 748 3908 fuerat,
774 3819 880 3892 color
905 3819 1092 3918 palpebrae

70 3938 286 4034 utriusque
295 3934 499 4026 inferioris,
513 3937 743 4036 etunguium
753 3919 975 4038 plumbeus,
986 3963 1094 4014 rnoes·
