2842 4672
225 419 297 465 mr.
325 417 350 464 1.
379 417 425 464 ιιι
451 389 909 485 uourrscsrrrrs,ar1sr.
937 423 1017 472 1111.
1082 409 1127 502 47

110 534 219 635 poris
229 532 352 631 spatio
366 555 529 629 opacum
541 546 727 629 quantum
742 535 990 632 opportebat,
1008 540 1131 614 reddi-

110 653 241 739 derat,
258 674 346 722 cum
356 652 478 722 caeteri
487 650 764 722 deturbandam
774 654 964 752 suscipere
978 683 1059 728 non
1068 681 1131 731 au·

110 771 271 854 derent,
291 770 421 847 nescio
441 769 526 866 quis
547 793 708 867 magnus
731 774 940 869 promissor
961 775 1130 868 advena,

112 895 182 990 qui
187 901 422 988 properaret
427 942 439 975 ,
461 902 504 958 ut
521 889 575 958 ait
591 889 723 960 Cicero
737 888 813 987 (1),
830 893 995 983 cuiforo
1009 895 1130 968 multa

111 1021 316 1093 restarent,
330 1003 666 1095 insciisomnibus,
685 1006 900 1081 deturbavit
909 1009 1031 1100 illico,
1048 1037 1129 1086 nou

111 1128 166 1200 sic
185 1140 313 1196 tamen
337 1125 405 1222 qui
425 1124 554 1223 aliquo
573 1123 772 1222 interjecto
793 1139 984 1224 tempore,
1005 1129 1130 1202 albida

112 1246 254 1316 iterum
282 1267 385 1341 pone
413 1242 597 1340 pupillam
624 1245 790 1342 opacitas
809 1261 1030 1343 appareret,
1049 1269 1129 1320 non

111 1377 219 1434 tanta
239 1359 395 1459 quidem
412 1360 497 1450 iila,
519 1375 662 1457 quanta
679 1385 700 1431 a
714 1385 776 1433 me
791 1363 880 1434 alias
896 1362 952 1460 (a)
965 1365 1005 1435 in
1018 1365 1130 1437 nobi-

112 1481 257 1554 lissima
273 1479 441 1578 virgine,
459 1493 668 1552 memorata
681 1493 757 1568 est3
775 1479 841 1551 sed
852 1505 895 1552 ea
905 1495 1035 1553 tamen
1046 1507 1131 1582 quae

113 1621 194 1668 nou
203 1596 294 1668 satis
306 1593 455 1668 felicem
470 1597 707 1667 curationem
722 1610 760 1667 ct
774 1611 946 1688 testetur,
958 1613 996 1670 et
1008 1596 1127 1672 faciat.

113 1718 200 1788 Non
221 1717 275 1786 sic
292 1714 422 1800 alteri,
436 1729 619 1786 matronae
635 1713 736 1786 illius
746 1716 888 1802 sorori,
908 1718 1053 1815 quippe
1068 1722 1130 1790 cui

113 1848 264 1906 matura
280 1828 436 1904 suffusio
452 1830 630 1928 depressa
645 1845 710 1902 est.
731 1833 826 1902 Nam
846 1837 970 1904 sorori
989 1839 1128 1927 tertiae,

113 1955 154 2026 in
169 1975 246 2051 qua
260 1950 362 2022 idem
372 1948 517 2020 advena
531 1929 783 2046 depresserat,
798 1948 920 2020 multo
933 1952 1046 2023 citius
1057 1950 1131 2026 fue·

113 2085 206 2142 runt
226 2069 332 2140 malae
354 2067 559 2140 curationis
573 2065 721 2138 indicia.
733 2070 822 2138 Tres
838 2066 1018 2165 intelligis
1039 2094 1128 2142 cum

64 2213 70 2224 ’
115 2201 242 2261 essent
262 2209 430 2273 sorores,
450 2207 583 2256 omnes
606 2183 729 2256 eidem
752 2183 911 2274 morbo,
928 2186 990 2255 cui
1013 2211 1129 2258 nemo

112 2307 232 2377 trium
258 2303 490 2401 inclytorum
507 2299 681 2391 fratrum,
707 2299 891 2374 obnoxias
916 2299 1041 2375 fuisse.
1068 2307 1129 2378 Sic

113 2424 204 2496 alias
223 2421 281 2520 (3)
299 2421 485 2510 scribam,
501 2445 577 2492 una
599 2445 645 2494 ex
661 2434 780 2492 matre
801 2419 931 2492 surdas
947 2435 1055 2494 natas
1073 2421 1129 2494 fe·

114 2657 359 2731 nobilissimae
384 2653 480 2728 facta
504 2655 649 2727 mentio
677 2652 725 2725 ad
745 2657 969 2727 memoriam
993 2657 1130 2756 redigit

115 2773 223 2872 quod
240 2771 385 2846 demea
393 2775 434 2844 in
445 2773 528 2870 ejus
536 2772 656 2846 ocidis
667 2771 1128 2871 observatiouejudicium
1153 2839 1157 2848 .

116 2888 232 2966 merit
247 2890 340 2964 clari
359 2891 431 2962 riri
456 2891 591 2964 Gunzii
614 2890 655 2960 in
680 2888 831 2978 libello,
856 2891 977 2962 multa
996 2893 1129 2990 utique

116 3008 230 3111 laitde
247 3007 386 3108 digno,
405 3009 487 3106 qui,
504 3009 589 3106 ipso
611 3005 788 3105 praeside,
814 3008 945 3104 Lipsiae
967 3010 1128 3106 prodiit,

116 3151 219 3200 anno
236 3124 330 3224 1750
345 3127 410 3225 (lp).
430 3130 568 3197 Raram
586 3125 688 3196 euim
702 3149 825 3222 usque
845 3124 940 3196 adeo
955 3129 1126 3214 censuit,

117 3261 161 3316 ut
178 3259 237 3317 tot
255 3246 356 3318 iuter
375 3260 458 3343 quaa
475 3269 521 3317 eo
541 3242 727 3342 opusculo
750 3257 1032 3332 memorantur,
1052 3267 1129 3318 una

119 3361 181 3434 itta
192 3361 331 3453 fretus,
347 3363 502 3436 tertium
518 3358 737 3436 suffiisiouis
747 3383 864 3459 genus
877 3361 1127 3435 constituerit.

159 3687 204 3767 (1)
225 3689 313 3746 Orat.
326 3706 383 3776 pro
398 3688 515 3743 Cluent.

158 3786 203 3866 (a)
224 3789 320 3864 Epist.
333 3787 424 3844 modo
438 3787 532 3846 indie:
542 3805 573 3843 n.
592 3803 646 3857 ιι,
662 3787 711 3844 23.

159 3888 204 3966 (3)
224 3888 309 3964 Epist
326 3889 380 3958 48,
393 3906 424 3944 n.
439 3888 486 3954 48.

160 3986 204 4066 (i)
216 3987 423 4047 Animadvers.
437 3987 475 4046 de
489 3985 653 4046 Suffusion.
667 3998 789 4057 natura,
801 3997 831 4044 et
841 3997 935 4044 curat.
947 4007 972 4045 e.
988 4005 1019 4058 1,
1036 3981 1110 4056 515.
