2832 4662
217 487 292 550 ma⁸¹
313 485 354 534 u.
382 486 428 534 uu
455 483 813 549 mummulus,
838 485 950 532 nmsr.
977 487 1036 532 xx.
1063 459 1136 536 603

27 671 31 679 .
128 599 237 686 torii,
254 598 316 670 cui
330 595 505 670 delirium
520 596 796 698 imputandum.
815 598 911 670 Huic
928 611 1055 669 autem
1072 598 1139 672 im·

129 732 224 820 puto
242 715 347 815 quod
369 716 447 788 sine
466 715 611 788 ratione
632 714 744 788 dolor
760 714 916 803 abierit;
944 709 1066 813 eoque
1086 713 1138 788 fa·

128 837 212 910 cilis
220 833 421 908 decubitus
435 830 553 908 factus
563 830 675 906 fuerit
686 835 724 905 in
738 848 868 918 utrum
882 831 1016 907 liberet
1028 834 1135 908 latus.

127 958 225 1028 Nam
244 955 377 1053 quibus
394 979 510 1026 causa
528 952 693 1042 doloris,
708 979 828 1052 neque
842 977 969 1024 sensus
984 955 1061 1049 ejus
1073 968 1138 1041 est,

125 1071 187 1146 tis
207 1086 365 1144 mentem
385 1069 581 1159 laborare,
609 1086 693 1169 post
711 1071 977 1170 Hippocratem
993 1069 1074 1167 (ι),
1097 1084 1141 1144 ut

128 1192 251 1279 nosti,
277 1189 474 1262 admonuit
498 1189 628 1262 Celsus
645 1189 726 1286 (a).
749 1189 820 1262 Sed
838 1213 1011 1288 pungens
1028 1188 1155 1288 dolor·

128 1332 201 1380 cur
216 1309 255 1379 in
268 1307 398 1380 dextra
423 1303 544 1380 fuerat
563 1305 728 1380 thoracis
744 1322 871 1405 parte,
898 1332 985 1380 cum
1008 1306 1140 1405 pulmo

128 1427 305 1524 quidem,
334 1450 414 1498 non
432 1425 581 1509 dexter,
609 1423 674 1495 sed
694 1425 864 1511 sinister,
890 1425 938 1496 ad
968 1423 1140 1523 pleuram
1199 1465 1208 1484 ·

127 1559 226 1618 esset
253 1569 274 1616 a
295 1544 409 1617 latere
426 1542 619 1641 alligatus?
637 1543 769 1639 Neque
789 1541 890 1614 enim
910 1541 1075 1638 alligatio
1091 1539 1141 1616 ad

127 1660 288 1734 dorsum
306 1660 510 1761 spectanda
528 1676 605 1750 est,
623 1660 711 1758 quia
733 1684 803 1731 nec
819 1658 873 1730 ibi
888 1657 1021 1748 dolor,
1034 1674 1070 1730 et
1089 1658 1140 1728 al·

125 1781 256 1878 ligatio
285 1781 460 1878 pulmoni
490 1778 544 1852 ibi
566 1794 646 1852 erat
667 1779 817 1875 utrique
837 1777 1061 1848 communis.
1082 1779 1140 1848 An

127 1897 246 1994 igitur
269 1923 352 1998 quae
376 1898 610 1996 alligationes
632 1895 702 1970 sub
728 1895 835 1967 molli
859 1894 938 1984 illa,
959 1893 1007 1966 de
1032 1894 1141 1990 cujus

125 2016 274 2114 origine
299 2032 336 2088 et
361 2032 494 2088 natura
510 2017 596 2088 satis
623 2030 733 2086 antea
756 2015 825 2112 (3)
845 2013 1008 2100 dictum,
1031 2013 1142 2110 quasi

126 2134 349 2207 membrana
367 2134 528 2232 quadam
549 2133 731 2221 latebant,
753 2156 881 2229 eaeque
900 2133 987 2202 satis
1005 2128 1142 2218 firmio,

126 2248 194 2322 hic
212 2254 330 2349 inagis
349 2276 369 2322 a
390 2251 500 2322 nobis
523 2249 759 2324 attendendus
784 2249 903 2322 sunt?
921 2253 1064 2320 Verum
1084 2245 1141 2318 hae

125 2368 326 2440 nonnullis
350 2369 389 2438 in
413 2369 522 2454 locis,
547 2383 661 2464 atque
684 2383 727 2438 ut
750 2365 914 2455 videtur,
936 2364 1141 2463 utrobique

125 2485 354 2558 indicantur.
365 2485 522 2583 Reliqua
532 2487 645 2585 igitur
653 2486 873 2582 conjectura
888 2499 944 2556 est
953 2537 964 2573 ,
981 2483 1142 2579 majores

124 2602 226 2691 illas,
245 2599 449 2689 firmiores,
472 2619 510 2676 et
531 2602 666 2674 delirio
691 2604 837 2703 priores
857 2599 972 2674 fuisse
993 2625 1076 2700 quae
1101 2602 1142 2674 in

128 2743 222 2792 cavo
240 2735 347 2793 erant
366 2721 540 2810 dextero,
558 2723 598 2796 in
618 2723 824 2818 quostiam
841 2720 928 2819 plus
942 2717 1052 2792 effusi
1069 2718 1141 2792 hu·

128 2839 247 2910 moris
267 2839 465 2911 inventum
481 2853 546 2910 est

178 2959 238 3054 49.
259 2956 395 3028 Mulier
404 2979 526 3041 annos
537 2953 683 3026 nataad
695 2953 1047 3052 sexaginta,habitu
1060 2980 1142 3052 gm-

131 3073 212 3158 cili,
239 3089 276 3146 et
296 3089 597 3172 temperamento
614 3073 838 3172 sanguineo,
854 3068 959 3144 febre
977 3071 1143 3169 prehen-

129 3189 236 3262 ditur
252 3189 486 3281 vehementi,
500 3194 599 3264 sicca
614 3193 722 3281 tussi,
739 3203 777 3262 et
790 3204 986 3288 pungente
1000 3190 1142 3261 sinistri

129 3309 257 3380 lateris
273 3308 406 3381 dolore
424 3312 476 3383 sic
493 3325 695 3400 tamen‚ut
712 3309 797 3410 siin
815 3307 889 3380 hoc
903 3305 1037 3394 cubet,
1062 3331 1142 3380 uon

130 3426 294 3498 multum
305 3425 442 3500 doleat.
458 3430 690 3527 Asnnguinis
704 3428 883 3500 missione
899 3424 996 3497 adeo
1013 3425 1142 3498 remit·

131 3544 225 3616 titur
242 3544 372 3634 dolor,
396 3561 438 3618 ut
454 3547 532 3643 jam
552 3547 670 3646 possit
695 3547 735 3618 in
753 3568 1037 3644 quamcumque
1056 3568 1142 3642 par·

173 3847 218 3928 (ι)
241 3853 272 3910 8.
291 3871 326 3924 2,
344 3853 412 3928 aph.
431 3853 460 3911 6.
545 3825 548 3829 ⁸

174 3948 218 4028 (a)
239 3953 284 4008 De
298 3953 408 4010 Medic.
422 3953 442 4012 l.
462 3971 495 4026 2,
517 3973 542 4012 c.
560 3973 587 4028 7·
703 4011 706 4020 ,

175 4049 220 4128 (3)
241 4051 278 4108 Ν.
301 4051 349 4124 37.
