2812 4660
205 481 208 486 ,
286 394 355 468 352
448 415 494 462 or
520 409 665 461 strumus
690 407 883 458 eretusts
908 407 1118 460 nonnonuu
1172 449 1174 455 .

289 531 335 602 ad
355 527 524 626 quamvis
539 523 598 594 vel
617 522 736 594 levem
754 522 1000 594 mutationem
1027 523 1233 598 subsistere
1258 541 1296 597 et

289 650 329 718 in
342 648 441 742 ipso,
457 657 493 714 et
509 642 549 712 in
565 666 607 712 ea
620 641 776 711 muliere
787 641 1227 730 consuevisse,alimenti
1237 644 1298 716 de·

292 763 439 862 glutitio
458 758 663 844 indicabat,
682 783 756 854 qua
772 757 864 854 gulae
880 758 1095 854 proximum
1116 785 1296 858 aneurys·

294 906 354 952 ma
372 880 432 949 vix
456 876 577 974 premi
603 873 779 946 nonnihil
797 887 962 971 poterat,
986 891 1049 946 aut
1069 878 1215 975 agitari.
1237 877 1297 950 sic
1322 907 1329 926 ·

294 997 468 1100 perpetui
484 992 656 1090 quidem,
673 993 830 1064 sednon
848 1016 998 1092 semper
1014 1017 1119 1090 aeque
1135 993 1300 1084 dilatati,

295 1131 357 1188 aut
371 1113 510 1212 gravis,
529 1111 799 1208 aneurysmatis
810 1107 940 1184 effecta
953 1110 1123 1208 quedam
1136 1127 1300 1208 possunt

295 1256 376 1306 non
400 1254 478 1302 esse
506 1244 696 1327 perpetua.
721 1229 780 1298 Sic
803 1229 913 1300 etiam
933 1227 1129 1326 intelligis,
1155 1231 1187 1301 si
1208 1230 1300 1302 levis

297 1348 481 1446 qumpiam
501 1345 653 1418 accedat
669 1346 817 1420 interna
836 1367 964 1433 causa,
980 1361 1049 1430 aut.
1062 1346 1155 1436 alia,
1174 1349 1300 1420 minus

299 1463 575 1550 animadversa,
589 1478 632 1533 ut
647 1459 756 1532 flatus
773 1485 841 1558 per
858 1463 983 1558 gulam
1000 1463 1158 1536 eluctari
1176 1465 1301 1536 niten-

299 1599 373 1673 tes,
390 1596 432 1654 ut
455 1578 614 1651 fortuitae
630 1580 929 1675 compressiones
948 1593 1116 1668 artuum,
1141 1595 1180 1652 et
1198 1580 1301 1678 quod

304 1699 569 1796 consequitur,
582 1689 755 1768 vas'orum
774 1695 929 1792 aliquas,
948 1697 1143 1772 obstantes
1157 1702 1302 1799 sangui·

302 1819 363 1906 ni,
382 1818 572 1915 ipsiusque
586 1828 786 1912 propterea
804 1829 949 1886 motum
967 1817 1006 1888 in
1023 1832 1164 1890 trunco
1179 1834 1302 1906 uerte,

304 1951 341 2008 et
358 1946 613 2031 meurysmate
634 1930 823 2028 paulisper
839 1931 1049 2024 tardantes3
1071 1933 1185 2033 posse
1204 1938 1245 2008 in
1258 1939 1302 2010 is·

303 2051 483 2128 tiusmodi
497 2049 647 2148 quidem
665 2049 770 2146 aegris
779 2048 1107 2124 vehementissimo
1121 2077 1302 2152 paroxys-

304 2157 369 2246 mo
384 2169 620 2242 occasionem
642 2165 807 2264 praebere
825 2193 833 2236 :
850 2181 887 2240 et
906 2169 1088 2257 vicissim,
1107 2173 1138 2242 si
1152 2185 1302 2260 artuum
1393 2237 1394 2258 ,

305 2313 391 2361 vasa
429 2285 648 2383 tempestive
680 2283 877 2373 laxentur,
909 2309 995 2378 cum
1013 2287 1240 2362 subsistere
1268 2290 1303 2358 in

306 2418 568 2501 aneurysmate
584 2402 734 2499 sanguis
748 2403 899 2499 incipit3
916 2427 1026 2501 posse
1040 2405 1251 2503 aliqnando
1261 2406 1306 2480 ita

308 2525 389 2619 ejus
406 2534 550 2590 motum
568 2518 753 2615 expediri,
771 2534 814 2590 ut
832 2545 1074 2619 paroxysmus
1085 2524 1228 2623 inipso
1245 2523 1306 2594 iui-

307 2641 362 2715 tio
389 2635 545 2709 feliciter
563 2637 833 2735 intercipiatur.
861 2642 1074 2737 Utrumque
1103 2639 1251 2713 horum
1271 2642 1305 2710 in

309 2753 509 2828 Paulueeio
530 2753 730 2826 accidebat.
750 2755 945 2828 Interdum
961 2758 1064 2831 euim
1078 2781 1192 2830 causa
1207 2783 1308 2858 appa-

310 2871 417 2945 rebat
431 2870 552 2959 nulla,
572 2896 639 2942 cur
651 2896 874 2970 paroxysmo
887 2890 1083 2973 correptus
1094 2892 1206 2949 esset.
1217 2861 1307 2948 Alias

311 3006 435 3064 autem
453 2985 691 3084 imminentes
708 2991 807 3085 jam,
826 3005 937 3087 atque
953 2991 1047 3066 adeo
1063 2993 1236 3066 inchoati
1250 3018 1307 3092 pa·
1392 2999 1393 3012 ¹

311 3109 476 3207 roxysmi
495 3122 573 3180 arte
597 3107 667 3179 hac
688 3106 1029 3205 supprimebantur.
1053 3115 1134 3182 Jam
1156 3111 1250 3184 inde
1264 3109 1307 3182 ab
1392 3153 1393 3158 =

310 3228 419 3298 initio
436 3250 520 3296 cum
540 3224 723 3296 obscurus
741 3224 865 3296 adhuc
875 3226 1031 3300 morbus
1045 3226 1116 3302 sub
1136 3229 1239 3300 larva
1247 3226 1307 3298 fal-

312 3339 406 3411 leret
429 3339 669 3410 redeuntium
687 3337 939 3448 quorumdam
959 3339 1134 3412 dolorum
1154 3367 1227 3440 per
1242 3341 1308 3411 bu·

210 3513 212 3518 .
314 3481 460 3528 merum
482 3455 671 3528 sinistrum
684 3509 698 3543 A,
711 3455 928 3553 vicinasque
947 3473 1070 3555 partes
1084 3460 1308 3555 vagantium,

314 3572 485 3645 levamen
504 3597 600 3670 aeger
626 3588 800 3670 expertus
818 3589 896 3646 erat
918 3599 939 3644 a
963 3574 1137 3671 subjectae
1159 3600 1308 3663 manus,

312 3688 534 3788 brachiique
553 3685 793 3761 immeisione
810 3691 850 3761 in
870 3717 1004 3789 aquam
1021 3693 1072 3764 sic
1086 3696 1174 3764 satis
1192 3695 1309 3766 calen-

312 3822 400 3878 tem.
418 3812 470 3878 Ex
487 3831 564 3905 quo
577 3823 700 3878 autem
720 3807 876 3880 morbus
890 3810 969 3880 aliis
991 3811 1115 3882 miuus
1129 3809 1309 3910 ambiguis
1391 3829 1392 3834 ’

313 3924 483 4015 indiciis,
503 3938 540 3996 et
565 3925 611 3996 iis
629 3927 834 4022 praesertim
852 3925 898 4002 de
918 3925 1057 4026 quibus
1078 3928 1308 4016 dictumest,
