2832 4662
272 493 341 566 532
436 515 483 562 nn
508 513 654 564 surmus
679 519 723 565 rr
748 499 871 565 musis
896 517 1108 567 nonroausr

270 626 406 700 locatio
436 629 552 724 possit
585 615 864 726 nonnunquam
889 629 1040 703 infantis
1069 633 1276 730 pulmones

267 758 370 817 tanta
387 746 579 840 sanguinis
603 749 711 845 copia
738 746 922 836 obruere,
950 764 1091 844 quanta
1114 749 1274 824 obrutos

268 865 308 934 in
325 862 562 958 strangulatis
572 864 706 936 adultis
721 848 1011 938 memoravimus
1034 863 1089 962 (1)
1112 893 1159 938 ex
1181 868 1275 938 alio-

210 1032 215 1038 ·
266 1004 374 1067 rum,
395 994 432 1050 et
448 983 597 1065 Harveii
621 984 812 1081 inprimis
835 982 1115 1072 observatione3
1133 1010 1216 1056 non
1235 1011 1274 1056 se

265 1113 393 1170 tamen
408 1097 489 1194 ipsa
510 1097 580 1168 sub
592 1103 788 1197 proposito
806 1087 914 1197 signo
926 1100 1114 1170 occultare
1128 1099 1274 1195 poterit

266 1213 473 1302 suffocatio.
488 1215 660 1311 Namque
676 1233 717 1288 ut
734 1219 847 1314 hujus
862 1233 1016 1321 externa
1024 1217 1153 1286 omnia
1169 1215 1271 1287 dees·

266 1347 351 1406 sent
366 1331 524 1418 indicia3
540 1344 580 1402 at
597 1348 696 1403 certe
708 1333 783 1404 alia
806 1333 848 1404 a'c
866 1329 982 1405 soleat
998 1357 1077 1405 esse
1095 1333 1138 1400 in
1158 1327 1270 1415 foetu,

265 1449 491 1550 pulmonum
508 1451 743 1536 constituti0‚
767 1467 804 1523 et
820 1450 1090 1548 amplificatum
1114 1471 1270 1546 praeser-

264 1571 333 1640 tim
357 1566 536 1638 volumen
564 1549 832 1656 admonerent,
857 1593 904 1640 ne
931 1567 1076 1639 tametsi
1104 1561 1209 1635 -for'te
1231 1566 1270 1634 in

265 1709 411 1759 summa
432 1708 528 1780 aqua
544 1709 622 1755 non
643 1685 982 1774 innatarent‚h'11ic
1000 1686 1107 1781 signo
1126 1697 1267 1753 temere

265 1804 512 1876 crederemus.
529 1805 706 1875 Praeterea
723 1802 763 1872 in
778 1803 822 1873 iis
835 1803 900 1899 qui
917 1825 1040 1874 aerem
1058 1798 1267 1885 duxerunt,

265 1919 415 1993 difficile
430 1933 501 2006 est,
513 1943 561 1990 ne
581 1919 712 2016 aliquae
729 1907 954 2017 pulmonum
974 1916 1166 2016 particula}
1185 1931 1267 1987 tau-

180 2029 184 2036 ⁴
264 2055 347 2112 tum
368 2061 413 2108 ex
426 2035 492 2106 illo
502 2036 711 2124 retineant,
730 2050 772 2106 ut
783 2033 1100 2132 descendentibus
1115 2033 1267 2119 caeteris,

263 2159 351 2253 ipsae
368 2178 447 2223 non
461 2151 653 2223 innatent:
671 2177 754 2248 quae
763 2143 953 2249 particulae
960 2167 1040 2226 tum
1057 2151 1177 2239 aliter,
1187 2163 1265 2220 tum

265 2272 419 2356 discisso
436 2271 477 2338 in
491 2281 615 2365 partes
624 2268 827 2364 pulmone,
847 2283 883 2346 ct
904 2269 1058 2366 singulis
1071 2267 1112 2336 in
1130 2290 1265 2364 aquam

264 2387 462 2483 conjectis,
486 2384 686 2482 diligenter
707 2401 832 2457 sunta
851 2386 961 2457 nohis
985 2387 1025 2456 in
1051 2384 1143 2475 hoc,
1169 2385 1265 2456 etin

212 2516 216 2523 '
265 2503 529 2602 superioribus¹
541 2505 692 2578 duobus
711 2505 859 2586 casibus
873 2505 1125 2604 inquirenda,
1149 2513 1199 2576 n'e
1216 2503 1265 2576 fa·

265 2623 335 2695 cile
349 2647 370 2692 a
383 2618 598 2694 subsidente
615 2624 794 2719 pulmone
810 2624 850 2692 in
870 2647 1036 2694 errorem
1057 2622 1264 2694 trahamur.

281 2735 285 2750 '
316 2744 372 2835 47.
387 2739 443 2808 Ne
463 2759 552 2809 vero
570 2732 736 2834 ejusdcm
748 2741 906 2812 'visceris
923 2728 1078 2812 'natatus
1105 2741 1266 2812 vicissim

266 2851 456 2953 imponat;
473 2847 749 2956 illud'primum
762 2857 971 2932 cavendum
986 2872 1059 2954 cst,
1077 2881 1127 2928 ne
1138 2871 1267 2928 tamet-

266 2977 298 3046 si
312 2974 416 3046 docti
432 2974 503 3045 viri
518 3000 598 3046 non
615 2965 803 3048 defuerint
816 2963 882 3073 qui
893 2961 1050 3048 foetuum
1065 2975 1266 3072 pulmones

267 3087 531 3189 conspexerint
542 3094 652 3163 etiam
663 3108 749 3190 post
762 3103 945 3165 summam
962 3092 1206 3192 putredinem
1222 3091 1266 3162 ad

266 3206 428 3280 fundum
449 3224 621 3299 ruentes;
643 3234 732 3296 vera
752 3224 877 3281 tamen
900 3235 964 3283 eos
984 3211 1179 3307 scripsisse
1201 3234 1266 3280 ne·

269 3349 421 3423 gemus,
459 3327 524 3422 qui
555 3326 785 3397 contrarium
817 3323 955 3398 vidisse
983 3351 1021 3399 se
1052 3325 1265 3398 affirmant:

269 3467 365 3541 quos
381 3444 479 3514 inter
492 3443 717 3512 clarissimus
725 3456 779 3514 est
789 3436 978 3539 professor
993 3429 1182 3514 Weissius.
1195 3445 1266 3512 Cu·

267 3560 327 3655 jus
340 3560 370 3630 si
382 3557 481 3654 legas
499 3556 797 3628 observationem
812 3553 882 3652 (2),'
895 3558 996 3629 ultro
1011 3557 1181 3643 fatearis,
1201 3556 1265 3654 qui

268 3695 465 3774 nunquam
480 3674 630 3744 haurire
642 3694 769 3755 acrem,
784 3675 950 3770 potuerit
959 3671 1081 3764 foetus,
1101 3675 1182 3770 ejus
1197 3697 1263 3771 pu·

304 3960 349 4037 (1)
368 3961 407 4015 N·
423 3978 453 4032 s·

170 4109 180 4122 ,,
209 4103 215 4149 '-
307 4057 352 4135 (α)
371 4060 408 4113 Iu
420 4055 523 4114 Medis.
536 4053 668 4132 Behling.
680 4074 745 4130 sup.
764 4011 822 4114 cas.
835 4055 917 4131 rupti
931 4055 964 4112 in
975 4068 1064 4131 partu
1077 4057 1163 4114 uteri.

214 4151 228 4196 l.

212 4225 245 4276 s,¹
