2750 4658
305 455 376 530 250
468 477 515 524 nn
535 473 688 532 ¹sciurus
711 475 756 522 rr
780 473 904 523 otusrs
929 473 1140 524 notrorum

356 593 411 666 28.
440 592 639 680 Lanarius,
657 590 885 662 consistente
903 591 961 660 vir
979 605 1103 680 aetate,
1128 603 1166 663 et
1183 595 1298 690 gracili
1361 639 1362 686 ᾗ

304 711 475 811 corporis
493 707 646 798 habitu,
664 723 750 781 ante
771 707 920 806 aliquot
935 707 1015 781 dies
1033 706 1219 796 inflictum
1234 711 1298 782 cui-

303 847 364 904 tro
377 829 516 902 vulnus
532 841 728 926 acceperat
745 828 859 897 altera
874 827 1036 924 scapula,
1049 839 1091 898 ut
1100 851 1171 925 per
1185 828 1298 928 ipsum
1362 867 1363 872 κ

302 950 418 1046 hujus
435 948 550 1018 latum
561 970 603 1017 os
618 945 768 1016 immitti
778 944 916 1044 digitus
923 961 1059 1043 posset.
1069 944 1298 1018 Manifestum
1363 949 1364 1014 ³

304 1081 384 1140 erat
409 1065 508 1136 inter
525 1063 563 1134 id
589 1087 631 1134 os
651 1078 688 1134 et
714 1077 834 1135 costas
859 1089 930 1162 pus
951 1088 1045 1168 esse,
1069 1063 1175 1160 quod
1200 1063 1297 1135 etiam
1363 1093 1364 1096 ¹

304 1198 432 1282 aperta
449 1182 538 1252 illuc
552 1207 573 1252 a
590 1180 891 1254 declivioresedc
905 1183 1128 1270 marteris,
1147 1181 1297 1252 multum

303 1295 490 1400 prodibat.
513 1298 584 1380 Sed
607 1323 654 1369 an
681 1299 778 1370 intra
800 1298 994 1370 thoracem
1018 1314 1298 1396 quoquoessat,

303 1433 341 1489 et
363 1441 411 1488 an
430 1416 565 1489 vulnus
584 1417 625 1487 in
646 1417 761 1512 hujus
785 1441 918 1489 cavum
941 1418 1175 1516 pervenisset
1194 1416 1298 1488 ambi-

303 1556 429 1634 guum.
447 1537 542 1605 Nam
563 1537 631 1607 etsi
651 1537 799 1607 cruenti
821 1535 966 1634 aliquid
985 1536 1024 1607 in
1047 1536 1168 1634 sputis
1192 1533 1298 1607 iuerat
1368 1573 1369 1602 t

303 1653 627 1742 animadversum,
653 1677 733 1724 non
757 1655 843 1726 satis
863 1653 1077 1742 constabat,
1103 1655 1247 1752 quippo
1266 1654 1297 1721 in

303 1771 505 1844 macilento
522 1771 689 1860 lanario;
707 1772 876 1862 vulneri,
895 1797 943 1843 an
958 1770 1034 1843 labi
1046 1769 1206 1843 fortasse
1220 1773 1298 1842 anti·
1368 1847 1369 1870 ξ

302 1915 383 1989 quae
401 1891 613 1990 pulmonis,
630 1889 669 1960 id
688 1905 785 1962 esset
804 1890 1086 1989 imputandum
1104 1874 1297 1989 praesertim
1368 1871 1369 1884 ¹

302 2031 390 2080 cum
414 2008 485 2079 alia
505 2010 632 2079 omnia
656 2010 888 2107 penetrantis
914 2009 1097 2096 vulneris,
1124 2005 1297 2106 effusique

300 2127 340 2196 iu
359 2125 554 2198 thoracem
571 2125 743 2198 humoris
761 2126 933 2200 deessent
947 2125 1097 2197 indicia.
1116 2131 1229 2198 Certe
1240 2125 1297 2196 hu·

301 2244 382 2314 mili
395 2247 534 2342 capite,
547 2245 636 2316 etin
648 2259 776 2316 utrum
788 2244 887 2316 latus
900 2247 976 2316 sive
990 2267 1049 2315 ars
1058 2241 1222 2340 juberet,
1234 2245 1297 2316 sive

299 2363 379 2461 ipse
397 2362 539 2450 mallet,
559 2362 705 2433 assidue
720 2363 885 2458 jacebat,
903 2387 1028 2460 noque
1042 2361 1118 2433 ulla
1137 2383 1295 2460 unquam

299 2479 347 2551 ab
364 2479 508 2551 inflicto
527 2479 684 2551 vulnere
704 2481 751 2551 ad
770 2483 851 2552 vitae
871 2505 992 2579 usque
1008 2477 1123 2552 finem
1142 2495 1297 2553 tentatus

300 2613 356 2669 est
382 2597 549 2695 spirandi
576 2588 805 2670 difficultate.
833 2599 910 2671 Sub
932 2595 1018 2672 cum
1039 2597 1155 2670 finem
1178 2601 1297 2699 pulsus

301 2729 409 2786 erant
430 2715 515 2787 duri
537 2719 729 2814 parvique.
754 2694 951 2790 Cailaveris
972 2717 1108 2789 thorax
1127 2709 1230 2791 intus
1244 2742 1297 2790 ex-

299 2846 433 2931 traque
454 2833 655 2932 diligenter
671 2835 865 2933 inspectus
881 2851 945 2908 est.
965 2841 1009 2907 Et
1027 2853 1132 2908 entra
1151 2836 1296 2936 quidem

298 2951 459 3049 amplius
479 2951 550 3023 sub
569 2965 650 3023 toto
674 2952 750 3023 lato
771 2953 835 3024 itto
863 2979 945 3026 osse
965 2969 1044 3026 erat
1071 2956 1177 3029 sinus
1204 2953 1296 3026 unde
1369 3029 1370 3060 i

295 3093 366 3168 pus
383 3067 500 3140 fluere
517 3053 679 3157 solebat,
701 3071 791 3142 etin
810 3093 886 3168 quo
909 3073 1020 3143 etiam
1042 3087 1124 3142 tum
1151 3071 1296 3143 foedissi-
1369 3107 1370 3122 κ

295 3211 356 3257 ma
375 3185 641 3258 continebatur
661 3189 816 3258 materia
836 3188 1042 3286 parietibus
1057 3187 1296 3288 graveolenti-
1369 3179 1370 3202 ¹

295 3302 368 3374 bus
391 3319 427 3375 et
444 3304 727 3403 nigricantihus.
745 3305 857 3376 Nulla
882 3320 1008 3378 tamen
1034 3328 1121 3378 oum
1141 3305 1298 3378 thoracis
1369 3347 1370 3372 2

296 3445 387 3492 cavo
402 3419 471 3493 fuit
487 3447 646 3520 usquam
661 3424 967 3494 communicatio.
982 3426 1214 3497 Exteriorem
1230 3425 1297 3492 ins·

294 3539 509 3635 pactionem
531 3538 768 3611 confirmavit
790 3543 959 3612 interior.
980 3547 1023 3612 In
1043 3557 1177 3614 neutra
1199 3542 1293 3612 enim

294 3655 459 3730 thoracis
479 3681 589 3728 cavea
605 3683 676 3756 pus
696 3673 794 3748 erat3
821 3658 887 3732 sed
907 3675 1109 3758 utramque
1123 3659 1296 3758 implebat

294 3799 408 3872 aqua,
434 3800 552 3872 eaque
575 3775 668 3846 flava
689 3805 696 3846 :
718 3803 793 3876 qua
818 3779 1021 3850 novissime
1042 3777 1197 3866 educta,
1213 3775 1295 3848 nul·

296 3894 375 3964 lum
393 3918 553 3992 usquam
572 3895 756 3967 iudicium
777 3898 952 3998 apparuit
966 3898 1044 3986 viae,
1060 3913 1125 3969 aut
1136 3893 1294 3969 cuniculi

296 4034 365 4107 per
383 4036 498 4110 quem
514 4015 618 4086 sinus
629 4013 681 4086 vde
699 4033 776 4114 quo
788 4015 932 4090 dictum
948 4031 1023 4106 est,
1044 4038 1131 4087 cum
1147 4014 1294 4086 thorace
