2820 4662
149 493 216 541 mn.
243 475 359 539 nune
384 486 520 536 nonnis
544 483 742 552 monscis,
765 485 878 536 nesse.
903 488 977 534 xix.
1005 463 1079 562 473

76 605 198 702 probe
206 627 353 676 currere
360 599 508 688 vidisse,
519 599 605 672 dein
616 597 844 696 languidius,
851 601 985 698 postea
998 625 1079 672 cur·

79 745 157 792 rere
173 745 249 792 non
260 725 451 820 potuisse:
472 741 588 816 porro
612 741 700 789 cum
726 741 856 790 rursus
874 717 1082 816 coegisset,

79 861 142 910 nee
156 861 284 908 rursus
301 836 483 908 diutinum
499 859 645 908 cursum
661 839 908 920 continuasse,
918 832 1080 912 'sedeam

79 958 203 1024 statim
213 959 397 1026 remisisse.
414 958 532 1052 Atque
544 951 621 1022 haec
632 955 846 1022 summa‘est
855 975 987 1023 eorum
999 974 1082 1050 quae

80 1070 260 1158 Galenus,
273 1069 394 1168 ligatis
412 1067 661 1155 meotidibus,
685 1065 899 1140 observasse
914 1091 952 1138 se
971 1066 1082 1154 dicit,

80 1185 202 1290 tribus
227 1210 329 1258 ame
354 1210 438 1283 quae
464 1185 502 1258 in
526 1184 626 1256 calce
657 1185 877 1283 paginarum
901 1183 1083 1271 indicavi,

81 1302 160 1398 ejus
183 1303 359 1401 inspectis
375 1302 483 1389 locis3
512 1327 599 1374 nam
627 1300 731 1401 quod
757 1317 933 1400 praeterea
957 1300 1084 1372 aviris

84 1418 206 1494 doctis
232 1419 369 1494 librum
402 1421 441 1491 in
470 1417 569 1492 hanc
599 1443 678 1490 rem
710 1417 816 1489 citari
843 1417 953 1490 video
986 1431 1086 1490 octa·

84 1563 167 1612 vum
179 1537 226 1609 de
233 1536 456 1624 administr„
470 1535 565 1608 nihil
573 1533 698 1606 adhuc
710 1533 813 1631 quod
826 1559 871 1605 eo
884 1537 1086 1632 pertineat,

25 1653 27 1662 '
80 1653 120 1725 in
136 1655 212 1732 hoc
228 1653 336 1752 potui
350 1653 530 1726 invenire.
546 1649 685 1742 Habuit
699 1637 861 1722 Galenus
869 1651 1087 1747 astipulato-

82 1795 143 1843 res
161 1770 308 1870 plures,
327 1771 416 1844 etin
434 1768 537 1842 hisce
554 1793 599 1839 ex
610 1767 654 1838 iis
670 1769 736 1866 qui
755 1767 1008 1866 experimenta
1024 1765 1089 1836 ite·

82 1903 235 1976 rarunt,
253 1886 503 1972 Columbum,
523 1883 565 1955 id
586 1881 690 1983 quod
716 1905 761 1955 ex
779 1907 892 1980 supra
910 1882 1089 1978 (1)dictis

83 2004 173 2076 licet
190 2005 369 2101 intelligi,
384 2017 421 2076 et
432 2001 669 2074 sanctorium
685 2001 758 2098 (α),
775 2002 841 2099 qui
854 1999 1027 2089 vidimus,
1036 2000 1090 2070 in·
1178 2055 1181 2060 .

86 2122 191 2220 quit,
216 2145 363 2209 canem,
383 2121 614 2211 cnisuernnt
634 2118 763 2215 ligatae
789 2117 994 2202 carotides,
1026 2121 1093 2217 qui

83 2243 212 2338 spacio
230 2243 339 2308 nnius
357 2237 465 2308 horie
473 2250 632 2334 poterat
646 2259 684 2307 se
699 2251 864 2325 movere,
880 2249 918 2306 et
933 2239 1090 2305 sentire:

88 2360 226 2424 etenim
236 2367 329 2450 post
347 2352 484 2426 multas
500 2354 616 2426 horas
633 2377 710 2424 non
730 2367 785 2424 est
800 2352 968 2440 dubium,
1002 2357 1092 2450 quin

86 2469 141 2540 ob
153 2469 359 2544 mirabilem
379 2493 594 2544 consensum
608 2476 737 2568 quiest
746 2462 848 2543 'inter
862 2495 927 2542 cor
941 2485 980 2541 et
996 2493 1091 2542 cere·

88 2588 217 2674 hrum,
239 2587 389 2662 tandem
404 2594 606 2660 moriatur:
625 2604 661 2661 et
676 2615 724 2661 ne
740 2586 845 2662 fa'cile
859 2604 987 2689 putes,
1006 2605 1094 2688 post

86 2703 193 2778 horae
216 2705 377 2803 spatium
403 2702 581 2780 defecisse
607 2707 689 2779 cani
705 2722 849 2779 motum
867 2721 904 2778 et
921 2730 1094 2796 sensum;

88 2843 239 2894 causam
259 2845 328 2893 cur
354 2822 405 2892 ita
429 2823 618 2920 scripserit
627 2878 642 2911 ,,
664 2822 818 2896 fortasse
843 2823 1029 2920 intelliges
1048 2847 1094 2894 ex

61 2947 63 2954 ’
89 2937 165 3010 alio
189 2937 355 3034 ejusdem
373 2941 556 3010 sanctorii
573 2939 661 3010 loco
682 2939 737 3037 (3)
758 2939 823 3010 uhi
838 2941 911 3011 ait:
931 2938 1095 3010 vidimus

90 3069 244 3143 canem,
268 3060 331 3128 cni
352 3054 480 3152 ligatae
489 3056 653 3146 fuerant
671 3055 878 3144 carotides,
894 3053 1028 3126 deinde
1045 3078 1095 3124 ex

93 3187 173 3246 toto
194 3177 337 3258 incisae,
355 3176 422 3268 qui
435 3169 686 3274 per·alae'quod
698 3179 861 3271 spatium
886 3170 1011 3243 adhuc
1022 3195 1097 3268 po·

95 3305 194 3365 terat
207 3294 347 3362 moveri
354 3317 367 3376 ‚·
394 3287 529 3360 deinde
558 3291 606 3362 ob
627 3295 819 3388 sanguinis
844 3293 1016 3370 anteriosi
1030 3286 1096 3358 de.-

84 3410 242 3510 flununn
263 3409 383 3477 vitam
405 3412 556 3478 amisit:
580 3431 694 3507 quem
714 3395 752 3480 si
773 3405 946 3478 eumdem
965 3430 1098 3478 canem

98 3523 213 3596 fuisse
228 3522 367 3611 credis,
387 3547 456 3594 cur
466 3523 605 3596 diutius
617 3549 768 3598 sensum
781 3537 1003 3623 motumque
1018 3550 1099 3596 non

133 3823 180 3902 (1)
199 3827 237 3882 N.
255 3843 303 3884 αα.

136 3924 182 4001 (2)
202 3923 363 3996 Quaest.‚35
377 3926 427 3988 cit·
442 3941 547 4002 supra,
561 3923 603 3986 a&
613 3944 644 3984 ι.
660 3943 712 3982 π.

138 4024 184 4106 (3)
204 4027 264 4102 Qu.
280 4026 353 4102 108,
363 4025 435 4084 ibid.
452 4025 506 4084 citi
