2812 4660
294 443 365 542 394
463 467 509 513 nc
536 464 681 512 supinus
706 463 750 509 nr
776 459 900 508 causrs
926 457 1138 509 uonnoauu

198 615 201 618 ·
295 607 372 679 quo
387 579 535 678 pulsare
549 578 688 650 senties
703 560 897 661 arteriam3
916 575 1210 646 aeontractione
1224 575 1301 646 illas

293 701 450 786 micare,
469 695 655 793 intelliges
674 692 875 764 ventriculi
892 691 1055 763 dexteri:
1075 693 1133 764 sin
1151 707 1302 780 contra,

295 841 374 889 non
392 815 439 888 ab
464 814 596 911 liujuS,
622 811 688 883 sed
712 837 733 882 a
762 811 1020 882 contractione
1038 811 1218 904 auriculae
1239 835 1302 881 an-

295 933 528 1008 nexaeatosti
543 931 643 1002 enirn
666 930 819 1001 arterias
830 943 923 1000 ωηο
937 927 1107 1026 pulsare,
1124 953 1207 999 non
1217 951 1302 1000 cum

296 1051 471 1126 auriculae
482 1047 776 1136 contrahuntur,
794 1047 957 1120 sedeam
972 1045 1192 1132 ventriculi,
1204 1061 1243 1118 et
1255 1048 1303 1116 vi·

297 1171 420 1244 cissim
440 1184 530 1238 tnnc
555 1165 769 1254 subsidere,
789 1189 869 1236 non
888 1189 976 1237 eum
1000 1166 1221 1254 ventriculi,
1242 1165 1303 1238 sed

298 1313 384 1361 cum
397 1285 570 1358 auriculae
579 1283 764 1355 contrahu
770 1298 867 1354 ntur.
884 1288 1014 1381 ltaque
1025 1283 1306 1364 subsidentibus

298 1387 443 1477 arteriis
452 1404 482 1474 si
492 1401 1205 1499 verrmattollunturjugulares,harum
1223 1401 1304 1500 pul·

300 1524 392 1596 satio
406 1547 427 1592 a
445 1521 618 1608 dextero,
637 1521 703 1617 qui
719 1536 810 1591 ωηο
821 1521 977 1608 otiatur,
990 1519 1213 1591 ventriculo
1229 1541 1304 1592 esse

301 1648 381 1714 non
398 1654 540 1738 potest:
556 1655 690 1710 contra
708 1654 831 1712 autem
851 1639 881 1710 si
891 1639 1039 1710 arteriae
1051 1693 1061 1726 ,
1073 1653 1111 1708 et
1122 1664 1229 1710 venae
1242 1637 1306 1706 illu

300 1759 411 1831 simul
428 1758 603 1856 pulsant,
618 1781 770 1829 necesse
789 1773 855 1828 cst.
879 1761 1070 1827 Venarum
1086 1755 1252 1853 pulsatio
1267 1754 1305 1824 fit

299 1901 378 1948 non
393 1875 441 1948 ab
458 1877 597 1948 otiante
610 1875 800 1963 auricula,
818 1875 883 1948 sed
897 1899 917 1946 a
930 1874 1144 1946 ventriculo
1159 1875 1305 1946 sictunc

298 2009 453 2092 agente,
471 2009 508 2064 et
523 2017 670 2065 sursum
686 1993 857 2091 impulsis
869 1991 1114 2065 vehementer
1130 1992 1304 2077 valvulis,

299 2115 329 2186 si
346 2113 402 2184 hae
420 2111 575 2209 quidem
599 2109 786 2183 orificium
809 2110 1005 2198 claudant,
1024 2130 1211 2182 venarum
1234 2133 1305 2182 san·

299 2232 452 2330 guinem
467 2231 720 2316 succutiente,
737 2244 802 2300 aut
815 2231 872 2300 sui
887 2229 1103 2327 portionem
1120 2227 1307 2326 sanguinis

298 2353 338 2422 in
369 2341 484 2422 'venas
513 2349 740 2447 repellente,
772 2352 803 2421 si
830 2350 988 2421 valvulis
1018 2346 1207 2420 orificium
1236 2371 1305 2419 non

300 2484 446 2553 exacte,
467 2482 508 2538 ut
529 2483 662 2537 natura
677 2469 859 2556 instituit,
876 2467 1116 2554 occludatur;
1137 2463 1307 2562 eujusrei

301 2585 484 2657 indicium
511 2585 712 2656 verisimile
736 2585 784 2656 ab
811 2587 856 2657 iis
873 2587 983 2660 ,notis
1004 2584 1215 2684 petendum
1244 2595 1308 2668 est,

302 2728 383 2801 quae
402 2702 580 2799 supra(1)
591 2702 760 2774 indicatae
771 2719 867 2792 sunt,
881 2704 1126 2774 dilataturum
1136 2723 1306 2774 cavorum

302 2820 341 2890 in
359 2818 511 2891 dextera
531 2819 656 2892 cordis
671 2837 786 2918 parte.
809 2827 893 2891 Haec
910 2821 959 2892 de
975 2821 1193 2920 pulsatione
1206 2822 1310 2916 jugu-

302 2937 438 3008 larium
452 2963 635 3009 venarum
648 2939 687 3008 in
700 2933 896 3038 praesentia
913 2938 1029 3010 habui
1040 2962 1124 3036 quae
1134 2937 1306 3010 dicerem.

304 3057 422 3152 Cujus
434 3057 547 3154 signi,
562 3059 713 3154 meique
729 3057 844 3153 hujus
854 3057 1033 3128 examinis
1044 3057 1073 3128 si
1084 3081 1202 3154 quam
1214 3054 1309 3124 vides

304 3175 505 3258 utilitatem
521 3199 599 3247 esse
618 3199 728 3273 posse
746 3173 792 3246 ad
813 3173 938 3246 cordis
955 3173 1111 3245 morbos
1131 3169 1309 3244 abditissi-

305 3308 388 3362 mos
405 3293 738 3382 internoscendos3
758 3292 862 3365 vides
884 3291 1011 3381 simul,
1026 3293 1131 3388 jure,
1149 3315 1198 3360 an
1219 3287 1309 3383 inju-

304 3409 359 3478 ria
381 3408 559 3482 adversus
589 3411 820 3482 recentiores
844 3410 1013 3482 medicos
1038 3409 1221 3505 scriptum
1245 3404 1307 3476 sit:

307 3540 442 3596 exacta
453 3533 615 3624 cognitio
637 3552 725 3600 usus
738 3527 979 3601 calculorum
991 3525 1114 3598 cordis
1126 3523 1311 3622 quaedpro-

242 3663 244 3668 ·
307 3642 389 3714 dest
406 3645 550 3730 medico
573 3653 722 3718 curanti
742 3653 780 3718 in
797 3649 935 3718 morbis
958 3645 1081 3718 cordis
1096 3667 1173 3742 pro
1194 3641 1311 3736 cogni·

308 3766 408 3832 tione
422 3764 548 3832 morbi
559 3763 578 3830 P
656 3831 658 3836 ,

309 3911 1308 3940 *w

349 4018 392 4095 <e
414 4021 452 4098 a·
