<?xml version="1.0" encoding="UTF-8"?>
<!DOCTYPE html PUBLIC "-//W3C//DTD XHTML 1.0 Transitional//EN"
    "http://www.w3.org/TR/xhtml1/DTD/xhtml1-transitional.dtd">
<html xmlns="http://www.w3.org/1999/xhtml" xml:lang="en" lang="en">
 <head>
  <title>
</title>
<meta http-equiv="Content-Type" content="text/html;charset=utf-8" />
  <meta name='ocr-system' content='tesseract 3.04.00' />
  <meta name='ocr-capabilities' content='ocr_page ocr_carea ocr_par ocr_line ocrx_word'/>
</head>
<body>
  <div class='ocr_page' id='page_1' title='image "./desedibusetcaus00chaugoog_0059.png"; bbox 0 0 2842 4672; ppageno 0'>
   <div class='ocr_carea' id='block_1_1' title="bbox 311 447 1152 520">
    <p class='ocr_par' dir='ltr' id='par_1_1' title="bbox 311 447 1152 520">
     <span class='ocr_line' id='line_1_1' title="bbox 311 447 1152 520; baseline -0.01 0"><span class='ocrx_word' id='word_1_1' title='bbox 311 447 360 520; x_wconf 82' lang='lat'><strong>50</strong></span> <span class='ocrx_word' id='word_1_2' title='bbox 479 469 526 515; x_wconf 83' lang='lat' dir='ltr'><strong>on</strong></span> <span class='ocrx_word' id='word_1_3' title='bbox 553 467 700 516; x_wconf 75' lang='lat' dir='ltr'><strong>sumnus</strong></span> <span class='ocrx_word' id='word_1_4' title='bbox 724 465 768 514; x_wconf 79' lang='lat' dir='ltr'><strong>rr</strong></span> <span class='ocrx_word' id='word_1_5' title='bbox 794 465 917 513; x_wconf 73' lang='lat' dir='ltr'><strong>causis</strong></span> <span class='ocrx_word' id='word_1_6' title='bbox 943 465 1152 513; x_wconf 76' lang='lat' dir='ltr'><strong>nonaoaun</strong></span> 
     </span>
    </p>
   </div>
   <div class='ocr_carea' id='block_1_2' title="bbox 204 569 1411 3617">
    <p class='ocr_par' dir='ltr' id='par_1_2' title="bbox 204 569 1411 3617">
     <span class='ocr_line' id='line_1_2' title="bbox 308 569 1314 680; baseline -0.004 -24"><span class='ocrx_word' id='word_1_7' title='bbox 308 597 452 670; x_wconf 80' lang='lat' dir='ltr'><strong>extant,</strong></span> <span class='ocrx_word' id='word_1_8' title='bbox 470 606 557 654; x_wconf 85' lang='lat' dir='ltr'><strong>eum</strong></span> <span class='ocrx_word' id='word_1_9' title='bbox 575 575 858 680; x_wconf 81' lang='lat' dir='ltr'><strong>propemodum</strong></span> <span class='ocrx_word' id='word_1_10' title='bbox 875 580 1002 650; x_wconf 88' lang='lat' dir='ltr'><strong>omnia</strong></span> <span class='ocrx_word' id='word_1_11' title='bbox 1019 579 1081 650; x_wconf 89' lang='lat' dir='ltr'><strong>bic</strong></span> <span class='ocrx_word' id='word_1_12' title='bbox 1093 569 1314 654; x_wconf 80' lang='lat' dir='ltr'><strong>&#39;memoren-</strong></span> 
     </span>
     <span class='ocr_line' id='line_1_3' title="bbox 305 697 1313 796; baseline -0.004 -20"><span class='ocrx_word' id='word_1_13' title='bbox 305 719 388 788; x_wconf 89' lang='lat' dir='ltr'><strong>tur;</strong></span> <span class='ocrx_word' id='word_1_14' title='bbox 408 699 558 772; x_wconf 89' lang='lat' dir='ltr'><strong>nullum</strong></span> <span class='ocrx_word' id='word_1_15' title='bbox 571 713 626 770; x_wconf 86' lang='lat' dir='ltr'><strong>est</strong></span> <span class='ocrx_word' id='word_1_16' title='bbox 636 697 742 794; x_wconf 89' lang='lat' dir='ltr'><strong>quod</strong></span> <span class='ocrx_word' id='word_1_17' title='bbox 749 697 797 769; x_wconf 88' lang='lat' dir='ltr'><strong>ad</strong></span> <span class='ocrx_word' id='word_1_18' title='bbox 807 713 952 770; x_wconf 84' lang='lat' dir='ltr'><strong>eertum</strong></span> <span class='ocrx_word' id='word_1_19' title='bbox 966 723 1043 769; x_wconf 88' lang='lat' dir='ltr'><strong>nou</strong></span> <span class='ocrx_word' id='word_1_20' title='bbox 1055 698 1171 768; x_wconf 88' lang='lat' dir='ltr'><strong>modo</strong></span> <span class='ocrx_word' id='word_1_21' title='bbox 1182 723 1313 796; x_wconf 85' lang='lat' dir='ltr'><strong>genus,</strong></span> 
     </span>
     <span class='ocr_line' id='line_1_4' title="bbox 307 813 1315 914; baseline -0.003 -22"><span class='ocrx_word' id='word_1_22' title='bbox 307 819 373 892; x_wconf 87' lang='lat' dir='ltr'><strong>sed</strong></span> <span class='ocrx_word' id='word_1_23' title='bbox 393 817 441 890; x_wconf 89' lang='lat' dir='ltr'><strong>ad</strong></span> <span class='ocrx_word' id='word_1_24' title='bbox 458 829 598 888; x_wconf 85' lang='lat' dir='ltr'><strong>certam</strong></span> <span class='ocrx_word' id='word_1_25' title='bbox 620 815 782 913; x_wconf 87' lang='lat' dir='ltr'><strong>speciem</strong></span> <span class='ocrx_word' id='word_1_26' title='bbox 804 831 884 886; x_wconf 84' lang='lat' dir='ltr'><strong>uon</strong></span> <span class='ocrx_word' id='word_1_27' title='bbox 901 813 1233 914; x_wconf 76' lang='lat' dir='ltr'><strong>referatur,signis</strong></span> <span class='ocrx_word' id='word_1_28' title='bbox 1244 841 1315 914; x_wconf 89' lang='lat' dir='ltr'><strong>per</strong></span> 
     </span>
     <span class='ocr_line' id='line_1_5' title="bbox 300 933 1314 1035; baseline -0.002 -27"><span class='ocrx_word' id='word_1_29' title='bbox 300 963 390 1035; x_wconf 17' lang='lat' dir='ltr'><strong>,quae</strong></span> <span class='ocrx_word' id='word_1_30' title='bbox 406 937 731 1021; x_wconf 79' lang='lat' dir='ltr'><strong>internoscantur,</strong></span> <span class='ocrx_word' id='word_1_31' title='bbox 744 957 823 1004; x_wconf 91' lang='lat' dir='ltr'><strong>non</strong></span> <span class='ocrx_word' id='word_1_32' title='bbox 835 933 1001 1022; x_wconf 85' lang='lat' dir='ltr'><strong>omissis,</strong></span> <span class='ocrx_word' id='word_1_33' title='bbox 1018 933 1175 1005; x_wconf 86' lang='lat' dir='ltr'><strong>rationis</strong></span> <span class='ocrx_word' id='word_1_34' title='bbox 1188 950 1314 1006; x_wconf 84' lang='lat' dir='ltr'><strong>autem</strong></span> 
     </span>
     <span class='ocr_line' id='line_1_6' title="bbox 237 1048 1315 1138; baseline -0.005 -10"><span class='ocrx_word' id='word_1_35' title='bbox 237 1079 238 1084; x_wconf 72' lang='grc'>’</span> <span class='ocrx_word' id='word_1_36' title='bbox 306 1051 467 1128; x_wconf 83' lang='lat' dir='ltr'><strong>curandi</strong></span> <span class='ocrx_word' id='word_1_37' title='bbox 485 1051 562 1124; x_wconf 79' lang='lat' dir='ltr'><strong>sive</strong></span> <span class='ocrx_word' id='word_1_38' title='bbox 582 1050 685 1122; x_wconf 83' lang='lat' dir='ltr'><strong>rualae</strong></span> <span class='ocrx_word' id='word_1_39' title='bbox 705 1051 835 1138; x_wconf 78' lang='lat' dir='ltr'><strong>noxis,</strong></span> <span class='ocrx_word' id='word_1_40' title='bbox 853 1050 931 1122; x_wconf 84' lang='lat' dir='ltr'><strong>sive</strong></span> <span class='ocrx_word' id='word_1_41' title='bbox 953 1048 1066 1120; x_wconf 81' lang='lat' dir='ltr'><strong>bouae</strong></span> <span class='ocrx_word' id='word_1_42' title='bbox 1089 1050 1315 1123; x_wconf 78' lang='lat' dir='ltr'><strong>utilitatibus</strong></span> 
     </span>
     <span class='ocr_line' id='line_1_7' title="bbox 307 1166 1318 1269; baseline -0.003 -25"><span class='ocrx_word' id='word_1_43' title='bbox 307 1172 506 1269; x_wconf 83' lang='lat' dir='ltr'><strong>diligenter</strong></span> <span class='ocrx_word' id='word_1_44' title='bbox 520 1168 702 1240; x_wconf 84' lang='lat' dir='ltr'><strong>indicatis.</strong></span> <span class='ocrx_word' id='word_1_45' title='bbox 724 1166 837 1260; x_wconf 82' lang='lat' dir='ltr'><strong>Quod</strong></span> <span class='ocrx_word' id='word_1_46' title='bbox 852 1191 949 1240; x_wconf 72' lang='lat' dir='ltr'><strong>vero</strong></span> <span class='ocrx_word' id='word_1_47' title='bbox 965 1169 1092 1239; x_wconf 87' lang='lat' dir='ltr'><strong>omnia</strong></span> <span class='ocrx_word' id='word_1_48' title='bbox 1108 1191 1318 1267; x_wconf 87' lang='lat' dir='ltr'><strong>propemo-</strong></span> 
     </span>
     <span class='ocr_line' id='line_1_8' title="bbox 273 1270 1316 1383; baseline -0.002 -23"><span class='ocrx_word' id='word_1_49' title='bbox 273 1339 286 1369; x_wconf 84' lang='grc'><strong>.</strong></span> <span class='ocrx_word' id='word_1_50' title='bbox 307 1287 399 1360; x_wconf 85' lang='lat' dir='ltr'><strong>dum</strong></span> <span class='ocrx_word' id='word_1_51' title='bbox 417 1285 587 1383; x_wconf 79' lang='lat' dir='ltr'><strong>exempla</strong></span> <span class='ocrx_word' id='word_1_52' title='bbox 605 1270 790 1383; x_wconf 77' lang='lat' dir='ltr'><strong>proferri,</strong></span> <span class='ocrx_word' id='word_1_53' title='bbox 809 1282 905 1372; x_wconf 69' lang='lat' dir='ltr'><strong>dixi,</strong></span> <span class='ocrx_word' id='word_1_54' title='bbox 930 1281 1079 1356; x_wconf 82' lang='lat' dir='ltr'><strong>silorte</strong></span> <span class='ocrx_word' id='word_1_55' title='bbox 1103 1309 1249 1383; x_wconf 80' lang='lat' dir='ltr'><strong>quaeras</strong></span> <span class='ocrx_word' id='word_1_56' title='bbox 1269 1311 1316 1359; x_wconf 74' lang='lat' dir='ltr'><strong>ex</strong></span> 
     </span>
     <span class='ocr_line' id='line_1_9' title="bbox 305 1399 1317 1501; baseline -0.002 -25"><span class='ocrx_word' id='word_1_57' title='bbox 305 1429 387 1493; x_wconf 88' lang='lat' dir='ltr'><strong>me,</strong></span> <span class='ocrx_word' id='word_1_58' title='bbox 410 1426 583 1501; x_wconf 84' lang='lat' dir='ltr'><strong>quaenam</strong></span> <span class='ocrx_word' id='word_1_59' title='bbox 605 1402 719 1500; x_wconf 85' lang='lat' dir='ltr'><strong>igitur</strong></span> <span class='ocrx_word' id='word_1_60' title='bbox 745 1399 1027 1492; x_wconf 75' lang='lat' dir='ltr'><strong>desiderentur,</strong></span> <span class='ocrx_word' id='word_1_61' title='bbox 1048 1401 1173 1500; x_wconf 85' lang='lat' dir='ltr'><strong>aliqua</strong></span> <span class='ocrx_word' id='word_1_62' title='bbox 1198 1427 1244 1474; x_wconf 76' lang='lat' dir='ltr'><strong>ex</strong></span> <span class='ocrx_word' id='word_1_63' title='bbox 1269 1405 1317 1474; x_wconf 86' lang='lat' dir='ltr'><strong>iis</strong></span> 
     </span>
     <span class='ocr_line' id='line_1_10' title="bbox 306 1517 1325 1621; baseline 0 -27"><span class='ocrx_word' id='word_1_64' title='bbox 306 1541 392 1621; x_wconf 77' lang='lat' dir='ltr'><strong>quae</strong></span> <span class='ocrx_word' id='word_1_65' title='bbox 401 1519 580 1594; x_wconf 82' lang='lat' dir='ltr'><strong>scribenti</strong></span> <span class='ocrx_word' id='word_1_66' title='bbox 590 1534 818 1606; x_wconf 87' lang='lat' dir='ltr'><strong>occurrunt,</strong></span> <span class='ocrx_word' id='word_1_67' title='bbox 831 1543 911 1590; x_wconf 92' lang='lat' dir='ltr'><strong>non</strong></span> <span class='ocrx_word' id='word_1_68' title='bbox 924 1517 1104 1591; x_wconf 72' lang='lat' dir='ltr'><strong>reticebo.</strong></span> <span class='ocrx_word' id='word_1_69' title='bbox 1119 1519 1187 1591; x_wconf 83' lang='lat' dir='ltr'><strong>Vir</strong></span> <span class='ocrx_word' id='word_1_70' title='bbox 1202 1543 1325 1618; x_wconf 69' lang='lat' dir='ltr'><strong>praes--</strong></span> 
     </span>
     <span class='ocr_line' id='line_1_11' title="bbox 306 1634 1317 1738; baseline -0.003 -26"><span class='ocrx_word' id='word_1_71' title='bbox 306 1639 536 1712; x_wconf 75' lang='lat' dir='ltr'><strong>cantissimos</strong></span> <span class='ocrx_word' id='word_1_72' title='bbox 546 1643 653 1712; x_wconf 87' lang='lat' dir='ltr'><strong>Burc.</strong></span> <span class='ocrx_word' id='word_1_73' title='bbox 666 1639 760 1708; x_wconf 82' lang='lat' dir='ltr'><strong>Dan.</strong></span> <span class='ocrx_word' id='word_1_74' title='bbox 774 1634 1317 1738; x_wconf 76' lang='lat' dir='ltr'><strong>Maucbartus(r)membrana·</strong></span> 
     </span>
     <span class='ocr_line' id='line_1_12' title="bbox 308 1749 1317 1847; baseline -0.001 -20"><span class='ocrx_word' id='word_1_75' title='bbox 308 1777 434 1844; x_wconf 86' lang='lat' dir='ltr'><strong>ceam,</strong></span> <span class='ocrx_word' id='word_1_76' title='bbox 452 1756 630 1847; x_wconf 87' lang='lat' dir='ltr'><strong>solidam,</strong></span> <span class='ocrx_word' id='word_1_77' title='bbox 647 1754 850 1843; x_wconf 87' lang='lat' dir='ltr'><strong>librosam,</strong></span> <span class='ocrx_word' id='word_1_78' title='bbox 866 1749 1031 1826; x_wconf 72' lang='lat' dir='ltr'><strong>albidum</strong></span> <span class='ocrx_word' id='word_1_79' title='bbox 1043 1767 1264 1826; x_wconf 76' lang='lat' dir='ltr'><strong>cataractam</strong></span> <span class='ocrx_word' id='word_1_80' title='bbox 1275 1757 1317 1826; x_wconf 83' lang='lat' dir='ltr'><strong>in</strong></span> 
     </span>
     <span class='ocr_line' id='line_1_13' title="bbox 305 1871 1319 1972; baseline 0 -28"><span class='ocrx_word' id='word_1_81' title='bbox 305 1888 473 1972; x_wconf 76' lang='lat' dir='ltr'><strong>utroque</strong></span> <span class='ocrx_word' id='word_1_82' title='bbox 492 1873 595 1946; x_wconf 88' lang='lat' dir='ltr'><strong>oanis</strong></span> <span class='ocrx_word' id='word_1_83' title='bbox 609 1873 724 1946; x_wconf 89' lang='lat' dir='ltr'><strong>oculo</strong></span> <span class='ocrx_word' id='word_1_84' title='bbox 740 1871 790 1944; x_wconf 87' lang='lat' dir='ltr'><strong>ab</strong></span> <span class='ocrx_word' id='word_1_85' title='bbox 809 1897 849 1945; x_wconf 88' lang='lat' dir='ltr'><strong>se</strong></span> <span class='ocrx_word' id='word_1_86' title='bbox 859 1885 1050 1972; x_wconf 82' lang='lat' dir='ltr'><strong>repertam</strong></span> <span class='ocrx_word' id='word_1_87' title='bbox 1065 1873 1214 1962; x_wconf 80' lang='lat' dir='ltr'><strong>asserit,</strong></span> <span class='ocrx_word' id='word_1_88' title='bbox 1228 1897 1319 1946; x_wconf 86' lang='lat' dir='ltr'><strong>cum</strong></span> 
     </span>
     <span class='ocr_line' id='line_1_14' title="bbox 304 1971 1320 2090; baseline 0.001 -29"><span class='ocrx_word' id='word_1_89' title='bbox 304 2015 470 2090; x_wconf 88' lang='lat' dir='ltr'><strong>aqueus,</strong></span> <span class='ocrx_word' id='word_1_90' title='bbox 485 2015 559 2090; x_wconf 84' lang='lat' dir='ltr'><strong>per</strong></span> <span class='ocrx_word' id='word_1_91' title='bbox 575 1991 681 2088; x_wconf 81' lang='lat' dir='ltr'><strong>cujus</strong></span> <span class='ocrx_word' id='word_1_92' title='bbox 694 1989 824 2063; x_wconf 80' lang='lat' dir='ltr'><strong>mnbas</strong></span> <span class='ocrx_word' id='word_1_93' title='bbox 837 2011 1004 2062; x_wconf 84' lang='lat' dir='ltr'><strong>cameras</strong></span> <span class='ocrx_word' id='word_1_94' title='bbox 1022 1971 1320 2081; x_wconf 76' lang='lat' dir='ltr'><strong>extendebatur,</strong></span> 
     </span>
     <span class='ocr_line' id='line_1_15' title="bbox 297 2105 1319 2207; baseline -0.003 -25"><span class='ocrx_word' id='word_1_95' title='bbox 297 2111 508 2207; x_wconf 76' lang='lat' dir='ltr'><strong>caeterique</strong></span> <span class='ocrx_word' id='word_1_96' title='bbox 530 2109 712 2180; x_wconf 86' lang='lat' dir='ltr'><strong>humores</strong></span> <span class='ocrx_word' id='word_1_97' title='bbox 736 2106 917 2206; x_wconf 86' lang='lat' dir='ltr'><strong>pellucidi</strong></span> <span class='ocrx_word' id='word_1_98' title='bbox 935 2121 1068 2180; x_wconf 85' lang='lat' dir='ltr'><strong>essent.</strong></span> <span class='ocrx_word' id='word_1_99' title='bbox 1095 2105 1200 2180; x_wconf 82' lang='lat' dir='ltr'><strong>Idem</strong></span> <span class='ocrx_word' id='word_1_100' title='bbox 1227 2131 1319 2180; x_wconf 84' lang='lat' dir='ltr'><strong>cum</strong></span> 
     </span>
     <span class='ocr_line' id='line_1_16' title="bbox 304 2222 1321 2324; baseline -0.002 -28"><span class='ocrx_word' id='word_1_101' title='bbox 304 2226 426 2298; x_wconf 84' lang='lat' dir='ltr'><strong>altero</strong></span> <span class='ocrx_word' id='word_1_102' title='bbox 441 2226 696 2299; x_wconf 85' lang='lat' dir='ltr'><strong>laudatissimo</strong></span> <span class='ocrx_word' id='word_1_103' title='bbox 714 2222 926 2324; x_wconf 69' lang='lat' dir='ltr'><strong>professore</strong></span> <span class='ocrx_word' id='word_1_104' title='bbox 945 2224 1089 2296; x_wconf 70' lang='lat' dir='ltr'><strong>loanne</strong></span> <span class='ocrx_word' id='word_1_105' title='bbox 1104 2224 1252 2297; x_wconf 86' lang='lat' dir='ltr'><strong>Zellero</strong></span> <span class='ocrx_word' id='word_1_106' title='bbox 1267 2227 1321 2296; x_wconf 81' lang='lat' dir='ltr'><strong>vi-</strong></span> 
     </span>
     <span class='ocr_line' id='line_1_17' title="bbox 306 2322 1321 2441; baseline 0.002 -28"><span class='ocrx_word' id='word_1_107' title='bbox 306 2342 363 2413; x_wconf 87' lang='lat' dir='ltr'><strong>dit</strong></span> <span class='ocrx_word' id='word_1_108' title='bbox 378 2322 532 2440; x_wconf 83' lang='lat' dir='ltr'><strong>utrique</strong></span> <span class='ocrx_word' id='word_1_109' title='bbox 557 2343 727 2414; x_wconf 90' lang='lat' dir='ltr'><strong>mulieris</strong></span> <span class='ocrx_word' id='word_1_110' title='bbox 750 2342 902 2440; x_wconf 79' lang='lat' dir='ltr'><strong>pupillae</strong></span> <span class='ocrx_word' id='word_1_111' title='bbox 920 2343 1168 2441; x_wconf 81' lang='lat' dir='ltr'><strong>antepositam</strong></span> <span class='ocrx_word' id='word_1_112' title='bbox 1195 2343 1248 2414; x_wconf 86' lang='lat' dir='ltr'><strong>sic</strong></span> <span class='ocrx_word' id='word_1_113' title='bbox 1276 2359 1321 2415; x_wconf 84' lang='lat' dir='ltr'><strong>ut</strong></span> 
     </span>
     <span class='ocr_line' id='line_1_18' title="bbox 307 2456 1321 2559; baseline 0 -27"><span class='ocrx_word' id='word_1_114' title='bbox 307 2477 456 2532; x_wconf 83' lang='lat' dir='ltr'><strong>corneae</strong></span> <span class='ocrx_word' id='word_1_115' title='bbox 464 2483 586 2559; x_wconf 86' lang='lat' dir='ltr'><strong>prope</strong></span> <span class='ocrx_word' id='word_1_116' title='bbox 596 2460 711 2555; x_wconf 84' lang='lat' dir='ltr'><strong>hujus</strong></span> <span class='ocrx_word' id='word_1_117' title='bbox 726 2459 921 2531; x_wconf 84' lang='lat' dir='ltr'><strong>internum</strong></span> <span class='ocrx_word' id='word_1_118' title='bbox 932 2459 1117 2531; x_wconf 81' lang='lat' dir='ltr'><strong>ambitum</strong></span> <span class='ocrx_word' id='word_1_119' title='bbox 1130 2456 1243 2532; x_wconf 84' lang='lat' dir='ltr'><strong>firme</strong></span> <span class='ocrx_word' id='word_1_120' title='bbox 1252 2460 1321 2532; x_wconf 85' lang='lat' dir='ltr'><strong>ad·</strong></span> 
     </span>
     <span class='ocr_line' id='line_1_19' title="bbox 307 2575 1322 2676; baseline 0.004 -30"><span class='ocrx_word' id='word_1_121' title='bbox 307 2575 484 2665; x_wconf 76' lang='lat' dir='ltr'><strong>haereret,</strong></span> <span class='ocrx_word' id='word_1_122' title='bbox 501 2576 717 2676; x_wconf 83' lang='lat' dir='ltr'><strong>pelliculam</strong></span> <span class='ocrx_word' id='word_1_123' title='bbox 734 2591 912 2667; x_wconf 89' lang='lat' dir='ltr'><strong>tenuem,</strong></span> <span class='ocrx_word' id='word_1_124' title='bbox 931 2593 969 2649; x_wconf 87' lang='lat' dir='ltr'><strong>et</strong></span> <span class='ocrx_word' id='word_1_125' title='bbox 984 2576 1228 2676; x_wconf 87' lang='lat' dir='ltr'><strong>subnigram,</strong></span> <span class='ocrx_word' id='word_1_126' title='bbox 1244 2603 1322 2650; x_wconf 85' lang='lat' dir='ltr'><strong>uec</strong></span> 
     </span>
     <span class='ocr_line' id='line_1_20' title="bbox 286 2695 1321 2794; baseline -0.002 -26"><span class='ocrx_word' id='word_1_127' title='bbox 286 2737 288 2742; x_wconf 95' lang='lat'>·</span> <span class='ocrx_word' id='word_1_128' title='bbox 307 2695 389 2768; x_wconf 87' lang='lat' dir='ltr'><strong>sine</strong></span> <span class='ocrx_word' id='word_1_129' title='bbox 404 2695 448 2766; x_wconf 86' lang='lat' dir='ltr'><strong>iis</strong></span> <span class='ocrx_word' id='word_1_130' title='bbox 464 2695 637 2768; x_wconf 81' lang='lat' dir='ltr'><strong>humoris</strong></span> <span class='ocrx_word' id='word_1_131' title='bbox 652 2697 782 2785; x_wconf 88' lang='lat' dir='ltr'><strong>vitrei,</strong></span> <span class='ocrx_word' id='word_1_132' title='bbox 797 2710 836 2768; x_wconf 82' lang='lat' dir='ltr'><strong>et</strong></span> <span class='ocrx_word' id='word_1_133' title='bbox 851 2695 1057 2794; x_wconf 77' lang='lat' dir='ltr'><strong>crystallini</strong></span> <span class='ocrx_word' id='word_1_134' title='bbox 1075 2695 1174 2767; x_wconf 82' lang='lat' dir='ltr'><strong>vitiis</strong></span> <span class='ocrx_word' id='word_1_135' title='bbox 1195 2719 1282 2793; x_wconf 79' lang='lat' dir='ltr'><strong>quae</strong></span> <span class='ocrx_word' id='word_1_136' title='bbox 1299 2719 1321 2766; x_wconf 84' lang='lat' dir='ltr'><strong>a</strong></span> 
     </span>
     <span class='ocr_line' id='line_1_21' title="bbox 308 2811 1324 2911; baseline 0 -29"><span class='ocrx_word' id='word_1_137' title='bbox 308 2812 411 2882; x_wconf 85' lang='lat' dir='ltr'><strong>claro</strong></span> <span class='ocrx_word' id='word_1_138' title='bbox 425 2812 569 2884; x_wconf 75' lang='lat' dir='ltr'><strong>lieckio</strong></span> <span class='ocrx_word' id='word_1_139' title='bbox 584 2811 641 2911; x_wconf 79' lang='lat' dir='ltr'><strong>(a)</strong></span> <span class='ocrx_word' id='word_1_140' title='bbox 657 2829 745 2886; x_wconf 85' lang='lat' dir='ltr'><strong>sunt</strong></span> <span class='ocrx_word' id='word_1_141' title='bbox 758 2827 975 2886; x_wconf 81' lang='lat' dir='ltr'><strong>memorata.</strong></span> <span class='ocrx_word' id='word_1_142' title='bbox 994 2811 1119 2884; x_wconf 81' lang='lat' dir='ltr'><strong>Solers</strong></span> <span class='ocrx_word' id='word_1_143' title='bbox 1138 2815 1324 2884; x_wconf 86' lang='lat' dir='ltr'><strong>anatomi-</strong></span> 
     </span>
     <span class='ocr_line' id='line_1_22' title="bbox 309 2927 1321 3030; baseline 0 -28"><span class='ocrx_word' id='word_1_144' title='bbox 309 2955 376 3002; x_wconf 86' lang='lat' dir='ltr'><strong>ous</strong></span> <span class='ocrx_word' id='word_1_145' title='bbox 393 2935 448 3001; x_wconf 84' lang='lat' dir='ltr'><strong>Jo.</strong></span> <span class='ocrx_word' id='word_1_146' title='bbox 471 2930 686 3030; x_wconf 76' lang='lat' dir='ltr'><strong>christoph.</strong></span> <span class='ocrx_word' id='word_1_147' title='bbox 707 2935 794 3028; x_wconf 79' lang='lat' dir='ltr'><strong>May</strong></span> <span class='ocrx_word' id='word_1_148' title='bbox 811 2930 865 3028; x_wconf 75' lang='lat'><strong>(3)</strong></span> <span class='ocrx_word' id='word_1_149' title='bbox 882 2931 922 3000; x_wconf 90' lang='lat' dir='ltr'><strong>in</strong></span> <span class='ocrx_word' id='word_1_150' title='bbox 943 2927 1082 3002; x_wconf 75' lang='lat' dir='ltr'><strong>femina</strong></span> <span class='ocrx_word' id='word_1_151' title='bbox 1110 2931 1172 3003; x_wconf 83' lang='lat' dir='ltr'><strong>oui</strong></span> <span class='ocrx_word' id='word_1_152' title='bbox 1199 2927 1321 3002; x_wconf 80' lang='lat' dir='ltr'><strong>suffu-</strong></span> 
     </span>
     <span class='ocr_line' id='line_1_23' title="bbox 308 3041 1324 3148; baseline -0.001 -28"><span class='ocrx_word' id='word_1_153' title='bbox 308 3049 434 3120; x_wconf 87' lang='lat' dir='ltr'><strong>siones</strong></span> <span class='ocrx_word' id='word_1_154' title='bbox 451 3049 542 3118; x_wconf 90' lang='lat' dir='ltr'><strong>olim</strong></span> <span class='ocrx_word' id='word_1_155' title='bbox 561 3047 744 3148; x_wconf 80' lang='lat' dir='ltr'><strong>depressae</strong></span> <span class='ocrx_word' id='word_1_156' title='bbox 761 3045 932 3135; x_wconf 84' lang='lat' dir='ltr'><strong>fuerant,</strong></span> <span class='ocrx_word' id='word_1_157' title='bbox 949 3048 1066 3118; x_wconf 83' lang='lat' dir='ltr'><strong>altera</strong></span> <span class='ocrx_word' id='word_1_158' title='bbox 1082 3041 1251 3136; x_wconf 71' lang='lat' dir='ltr'><strong>lelinter,</strong></span> <span class='ocrx_word' id='word_1_159' title='bbox 1263 3049 1324 3119; x_wconf 84' lang='lat' dir='ltr'><strong>in·</strong></span> 
     </span>
     <span class='ocr_line' id='line_1_24' title="bbox 309 3163 1320 3264; baseline 0.001 -29"><span class='ocrx_word' id='word_1_160' title='bbox 309 3164 468 3236; x_wconf 84' lang='lat' dir='ltr'><strong>feliciter</strong></span> <span class='ocrx_word' id='word_1_161' title='bbox 485 3166 623 3255; x_wconf 86' lang='lat' dir='ltr'><strong>altera,</strong></span> <span class='ocrx_word' id='word_1_162' title='bbox 643 3166 817 3264; x_wconf 89' lang='lat' dir='ltr'><strong>qualem,</strong></span> <span class='ocrx_word' id='word_1_163' title='bbox 835 3179 872 3236; x_wconf 87' lang='lat' dir='ltr'><strong>et</strong></span> <span class='ocrx_word' id='word_1_164' title='bbox 888 3163 956 3236; x_wconf 88' lang='lat' dir='ltr'><strong>ubi</strong></span> <span class='ocrx_word' id='word_1_165' title='bbox 971 3164 1177 3236; x_wconf 77' lang='lat' dir='ltr'><strong>inuenisset</strong></span> <span class='ocrx_word' id='word_1_166' title='bbox 1196 3164 1320 3254; x_wconf 74' lang='lat' dir='ltr'><strong>illam,</strong></span> 
     </span>
     <span class='ocr_line' id='line_1_25' title="bbox 307 3283 1320 3382; baseline 0.002 -30"><span class='ocrx_word' id='word_1_167' title='bbox 307 3285 525 3381; x_wconf 80' lang='lat' dir='ltr'><strong>proposuit3</strong></span> <span class='ocrx_word' id='word_1_168' title='bbox 540 3308 615 3382; x_wconf 89' lang='lat' dir='ltr'><strong>pro</strong></span> <span class='ocrx_word' id='word_1_169' title='bbox 632 3284 704 3354; x_wconf 86' lang='lat' dir='ltr'><strong>hac</strong></span> <span class='ocrx_word' id='word_1_170' title='bbox 719 3307 814 3354; x_wconf 86' lang='lat' dir='ltr'><strong>vero</strong></span> <span class='ocrx_word' id='word_1_171' title='bbox 827 3283 1073 3379; x_wconf 84' lang='lat' dir='ltr'><strong>crystallinae,</strong></span> <span class='ocrx_word' id='word_1_172' title='bbox 1090 3297 1133 3354; x_wconf 86' lang='lat' dir='ltr'><strong>ut</strong></span> <span class='ocrx_word' id='word_1_173' title='bbox 1151 3284 1320 3372; x_wconf 78' lang='lat' dir='ltr'><strong>censuit,</strong></span> 
     </span>
     <span class='ocr_line' id='line_1_26' title="bbox 308 3398 1322 3499; baseline 0.001 -29"><span class='ocrx_word' id='word_1_174' title='bbox 308 3402 445 3471; x_wconf 85' lang='lat' dir='ltr'><strong>tunicae</strong></span> <span class='ocrx_word' id='word_1_175' title='bbox 465 3398 597 3472; x_wconf 88' lang='lat' dir='ltr'><strong>faciem</strong></span> <span class='ocrx_word' id='word_1_176' title='bbox 614 3402 844 3472; x_wconf 88' lang='lat' dir='ltr'><strong>anteriorem</strong></span> <span class='ocrx_word' id='word_1_177' title='bbox 860 3425 965 3488; x_wconf 87' lang='lat' dir='ltr'><strong>non,</strong></span> <span class='ocrx_word' id='word_1_178' title='bbox 982 3402 1081 3472; x_wconf 84' lang='lat' dir='ltr'><strong>utin</strong></span> <span class='ocrx_word' id='word_1_179' title='bbox 1106 3401 1222 3472; x_wconf 85' lang='lat' dir='ltr'><strong>oculo</strong></span> <span class='ocrx_word' id='word_1_180' title='bbox 1239 3403 1322 3499; x_wconf 85' lang='lat' dir='ltr'><strong>pri-</strong></span> 
     </span>
     <span class='ocr_line' id='line_1_27' title="bbox 204 3517 1411 3617; baseline -0.003 -25"><span class='ocrx_word' id='word_1_181' title='bbox 204 3587 206 3592; x_wconf 82' lang='lat'><em>.</em></span> <span class='ocrx_word' id='word_1_182' title='bbox 310 3541 390 3602; x_wconf 91' lang='lat' dir='ltr'><strong>mo,</strong></span> <span class='ocrx_word' id='word_1_183' title='bbox 406 3519 655 3616; x_wconf 81' lang='lat' dir='ltr'><strong>pellucidam,</strong></span> <span class='ocrx_word' id='word_1_184' title='bbox 672 3533 852 3617; x_wconf 87' lang='lat' dir='ltr'><strong>recteque</strong></span> <span class='ocrx_word' id='word_1_185' title='bbox 867 3543 905 3590; x_wconf 90' lang='lat' dir='ltr'><strong>se</strong></span> <span class='ocrx_word' id='word_1_186' title='bbox 923 3517 1146 3607; x_wconf 83' lang='lat' dir='ltr'><strong>habentem,</strong></span> <span class='ocrx_word' id='word_1_187' title='bbox 1171 3517 1239 3590; x_wconf 87' lang='lat' dir='ltr'><strong>sed</strong></span> <span class='ocrx_word' id='word_1_188' title='bbox 1252 3517 1323 3588; x_wconf 90' lang='lat' dir='ltr'><strong>ad-</strong></span> <span class='ocrx_word' id='word_1_189' title='bbox 1410 3573 1411 3576; x_wconf 63' lang='lat'><strong>,</strong></span> 
     </span>
    </p>
   </div>
   <div class='ocr_carea' id='block_1_3' title="bbox 257 3815 1136 4099">
    <p class='ocr_par' dir='ltr' id='par_1_3' title="bbox 257 3815 1136 4099">
     <span class='ocr_line' id='line_1_28' title="bbox 257 3815 1063 3908; baseline -0.031 -5"><span class='ocrx_word' id='word_1_190' title='bbox 257 3815 268 3844; x_wconf 70' lang='lat'><strong><em>⁵</em></strong></span> <span class='ocrx_word' id='word_1_191' title='bbox 349 3819 661 3900; x_wconf 70' lang='lat' dir='ltr'><strong>(1lstnechiae‚§8·</strong></span> <span class='ocrx_word' id='word_1_192' title='bbox 1062 3905 1063 3908; x_wconf 8' lang='grc' dir='ltr'><strong>Ἴ</strong></span> 
     </span>
     <span class='ocr_line' id='line_1_29' title="bbox 350 3920 1082 3998; baseline -0.007 -18"><span class='ocrx_word' id='word_1_193' title='bbox 350 3923 393 3998; x_wconf 81' lang='lat' dir='ltr'><strong>(a)</strong></span> <span class='ocrx_word' id='word_1_194' title='bbox 413 3925 450 3979; x_wconf 92' lang='lat' dir='ltr'><strong>In</strong></span> <span class='ocrx_word' id='word_1_195' title='bbox 461 3922 576 3978; x_wconf 82' lang='lat' dir='ltr'><strong>Praefat.</strong></span> <span class='ocrx_word' id='word_1_196' title='bbox 594 3921 632 3977; x_wconf 92' lang='lat' dir='ltr'><strong>ad</strong></span> <span class='ocrx_word' id='word_1_197' title='bbox 643 3921 765 3978; x_wconf 88' lang='lat' dir='ltr'><strong>Dissert.</strong></span> <span class='ocrx_word' id='word_1_198' title='bbox 784 3940 867 3978; x_wconf 88' lang='lat' dir='ltr'><strong>suam</strong></span> <span class='ocrx_word' id='word_1_199' title='bbox 878 3921 916 3976; x_wconf 86' lang='lat' dir='ltr'><strong>de</strong></span> <span class='ocrx_word' id='word_1_200' title='bbox 929 3920 1082 3997; x_wconf 84' lang='lat' dir='ltr'><strong>Ectropio.</strong></span> 
     </span>
     <span class='ocr_line' id='line_1_30' title="bbox 275 4019 1136 4099; baseline -0.016 -16"><span class='ocrx_word' id='word_1_201' title='bbox 275 4027 278 4034; x_wconf 83' lang='lat'>&#39;</span> <span class='ocrx_word' id='word_1_202' title='bbox 350 4023 393 4099; x_wconf 64' lang='grc' dir='ltr'><strong>β)</strong></span> <span class='ocrx_word' id='word_1_203' title='bbox 415 4024 579 4079; x_wconf 85' lang='lat' dir='ltr'><strong>Commerc.</strong></span> <span class='ocrx_word' id='word_1_204' title='bbox 594 4020 664 4078; x_wconf 89' lang='lat' dir='ltr'><strong>Litt.</strong></span> <span class='ocrx_word' id='word_1_205' title='bbox 681 4039 730 4078; x_wconf 83' lang='lat' dir='ltr'><strong>au.</strong></span> <span class='ocrx_word' id='word_1_206' title='bbox 746 4022 839 4094; x_wconf 83' lang='lat'><strong>1733,</strong></span> <span class='ocrx_word' id='word_1_207' title='bbox 852 4020 949 4080; x_wconf 88' lang='lat' dir='ltr'><strong>Hebd.</strong></span> <span class='ocrx_word' id='word_1_208' title='bbox 966 4025 998 4093; x_wconf 73' lang='lat' dir='ltr'><strong>l,</strong></span> <span class='ocrx_word' id='word_1_209' title='bbox 1011 4039 1043 4077; x_wconf 86' lang='lat' dir='ltr'><strong>n.</strong></span> <span class='ocrx_word' id='word_1_210' title='bbox 1059 4019 1087 4077; x_wconf 81' lang='lat'><strong>3.</strong></span> <span class='ocrx_word' id='word_1_211' title='bbox 1133 4061 1136 4068; x_wconf 93' lang='lat'>.</span> 
     </span>
    </p>
   </div>
   <div class='ocr_carea' id='block_1_4' title="bbox 0 0 1436 4672">
    <p class='ocr_par' dir='ltr' id='par_1_4' title="bbox 0 0 1436 4672">
     <span class='ocr_line' id='line_1_31' title="bbox 0 0 1436 4672; baseline 0 0"><span class='ocrx_word' id='word_1_212' title='bbox 0 0 1436 4672; x_wconf 95' lang='lat' dir='ltr'><strong> </strong></span> 
     </span>
    </p>
   </div>
  </div>
 </body>
</html>
