2832 4662
183 411 276 495 ura„
292 447 332 493 u.
361 443 408 494 nu
433 443 569 496 uorans
592 443 789 512 ruomcrs,
814 447 925 498 arur.
952 452 1010 498 xx.
1039 427 1104 501 561

119 565 349 636 ctJonanem
372 558 561 632 Gaddium
585 562 781 650 comitem,
807 561 966 638 alteriim
992 591 1112 660 annos

117 694 203 752 tuuc
213 694 343 752 natum
358 679 545 776 sexaginta
559 680 728 776 quinque
741 733 751 768 ,
766 679 927 753 alterum
941 697 1029 754 octo
1043 681 1111 756 ari-

118 798 170 868 nis
186 797 387 893 majorem3
415 797 454 867 in
474 795 772 894 primoquidem
796 799 1112 896 peripneumonia
1172 876 1174 880 ,

118 928 303 1012 correpto,
315 914 515 1012 perutilem
528 914 567 984 in
579 913 705 984 morbi
720 911 796 986 fine
805 914 1032 989 diarrhaeam
1043 917 1111 990 ob-

118 1033 273 1121 servavi,
288 1056 377 1130 qua
397 1031 583 1102 curationi
608 1055 791 1104 summam
812 1057 966 1104 manum
990 1035 1120 1134 impo·,

118 1140 185 1222 suit
200 1177 207 1218 :
224 1147 289 1230 sed
303 1149 481 1238 alterum,
496 1147 630 1220 eodem
644 1149 780 1222 morbo
789 1151 1037 1249 prehensum,
1052 1154 1116 1224 cui

115 1269 221 1340 tertio
239 1268 299 1340 die
315 1267 438 1338 fluxus
456 1264 556 1338 idem
579 1283 801 1357 accesserat,
830 1285 1014 1369 sputaque
1034 1271 1113 1370 pri·

115 1410 214 1456 mum
225 1409 361 1484 pauca,
373 1385 494 1471 lenta,
512 1398 549 1455 ct
563 1385 669 1480 quasi
687 1384 791 1456 arida
806 1384 994 1478 effecerat,
1010 1386 1113 1460 dein·

115 1502 158 1578 de
179 1529 265 1576 cum
282 1501 426 1574 viribus
442 1503 712 1597 interceperat,
742 1497 880 1574 frustra
903 1507 1011 1580 illum
1031 1534 1114 1581 mo«

114 1618 251 1706 derari‚
275 1633 314 1688 et
329 1616 397 1692 has
414 1639 560 1690 servare
576 1602 755 1705 conatus,
778 1617 949 1692 obtinere
965 1623 1027 1691 rix
1044 1649 1113 1721 po-

113 1739 187 1825 tui,
206 1751 249 1808 ut
261 1734 308 1806 ad
328 1755 473 1806 nonum
489 1755 608 1830 usque
621 1731 719 1806 diem
732 1735 807 1807 vita
825 1736 1112 1832 produceretur.
1183 1815 1185 1818 ,

114 1853 222 1946 Quod
232 1869 270 1926 et
280 1853 417 1952 virgini
426 1847 620 1939 accidisse,
633 1850 892 1948 duodeviginti
908 1834 1016 1928 annis
1030 1858 1113 1956 ipso

117 1974 328 2060 minori,ex
338 1971 508 2069 proxima
519 1992 723 2068 cognosces
735 1969 913 2042 Valsalvae
921 1971 1088 2047 historia.
1115 2031 1119 2042 ,

169 2116 222 2162 11.
250 2090 367 2186 Virgo
386 2109 660 2187 annumagens
678 2087 828 2159 circiter
848 2091 1115 2191 quinquagesi-

116 2231 221 2280 mum
235 2207 431 2305 quintum,
446 2205 610 2278 thoracis
627 2203 777 2294 dolore,
795 2209 1001 2302 praesertim,
1017 2211 1122 2284 circa

117 2340 310 2412 eternum,
323 2324 549 2421 corripitur,
561 2319 767 2411 febricitat,
783 2325 903 2421 capite
915 2323 1039 2414 dolet,
1054 2324 1118 2397 dif-

117 2439 216 2515 ficile
237 2441 372 2540 spirat,
393 2441 584 2538 ingentem
604 2439 765 2510 materiae
788 2440 934 2537 copiam
956 2444 1131 2541 exspuit.v

115 2563 211 2632 Cum
234 2559 447 2634 accessisset
469 2556 671 2646 diarrhaea,
691 2555 856 2665 cum*
870 2561 997 2632 omnia
1020 2560 1116 2644 facta
1153 2619 1157 2636 ‚

113 2675 651 2775 essentgraviora‚respirandi
662 2687 787 2748 autem
800 2672 998 2750 difficultas
1012 2691 1116 2751 tanta
1153 2731 1154 2734 ,

112 2809 256 2888 utnon
278 2796 351 2874 nisi
369 2809 492 2868 erecta
511 2794 655 2868 cervice
679 2796 818 2892 spirare
842 2810 992 2892 posset,
1018 2799 1118 2890 circa

111 2934 262 2982 nonum
281 2909 382 2980 diem
401 2925 457 2985 est
471 2925 630 2983 mortua.
651 2913 697 2980 In
714 2923 846 2980 ventre
858 2910 1116 2984 animadversa
1199 2991 1201 2998 ,

113 3043 172 3104 cst
184 3026 279 3100 fellis
290 3026 453 3100 vesicula
469 3024 544 3098 bile
559 3023 730 3122 turgida,
748 3025 986 3124 mrdtumque
996 3027 1117 3099 indu·

111 3162 219 3220 ratus
232 3159 393 3248 uterque
406 3145 519 3218 testis.
532 3142 700 3215 Thorace
712 3157 861 3241 aperto,
874 3145 1117 3242 sinisterpul·

110 3289 178 3364 mo
190 3267 366 3337 inventus
384 3279 440 3336 est
453 3260 645 3334 cohaerens
661 3259 755 3360 adeo
767 3260 926 3361 pleurae,
941 3243 1117 3332 ubicumss

110 3407 192 3480 que
215 3381 294 3454 haec
318 3396 439 3455 costas
460 3377 701 3466 investiebat,
723 3393 768 3451 ut
790 3380 870 3452 sine
884 3377 1117 3452 laceratione
1222 3399 1227 3422 *

47 3577 51 3584 ,
110 3501 281 3598 separari
297 3519 375 3572 non
395 3500 570 3598 potuerit.
589 3501 637 3571 At
650 3497 780 3570 dexter
797 3512 898 3570 arcte
921 3495 1118 3570 adbaerens

108 3619 186 3689 toti
203 3615 425 3694 mediastino
436 3669 447 3704 ,
459 3617 625 3713 itemque
636 3613 774 3713 pleurae
785 3669 796 3699 ‚
807 3615 1020 3713 superiores
1033 3637 1122 3688 cos-.

107 3750 171 3806 tas
191 3735 383 3823 vestienti,
407 3733 497 3804 dum
517 3756 631 3804 manu
652 3745 815 3805 tentatur
827 3729 964 3826 ejus'ab
977 3731 1047 3801 hac
1061 3755 1118 3802 se·

109 3852 283 3950 paratio,
303 3851 352 3922 ob
377 3847 623 3921 fraciditatcm
646 3845 909 3944 disrumpitur,
931 3835 1123 3944 simulque¹

110 3995 162 4040 ex
175 3968 349 4046 abscessu
359 3993 474 4067 quem
487 3963 724 4054 continebat,
741 3965 931 4062 ingentem
947 3965 1046 4060 ejicit
1059 3989 1119 4036 co·
1216 4053 1218 4058 .

190 4115 221 4161 2.
899 4079 946 4152 36

841 4245 863 4275 *b
