2832 4662
350 437 420 536 590
475 444 479 451 “
520 459 567 506 m:
592 447 738 506 saumas
761 457 806 505 m
831 455 955 506 censis
980 457 1187 512 stomoma
1220 499 1224 506 .

348 574 570 661 hendimus,
587 569 909 670 quemadmodum
930 571 1030 662 haec,
1045 574 1198 676 aliaeque
1213 598 1320 655 nostra

347 693 556 769 ostendunt
572 688 755 788 epismlae,
772 688 977 785 praese'rtim
991 713 1081 762 oum
1096 691 1223 790 pulmo
1232 697 1322 770 valde

348 815 465 886 durus
480 826 555 884 est.
570 863 577 879 .
592 862 599 877 .
617 806 871 904 reqnnbiliter,
892 818 928 880 et
938 803 1048 879 solito
1062 812 1203 907 major,
1214 828 1246 884 et
1253 813 1320 912 plus

340 929 576 1031 ponderans,
593 923 668 996 hoe
683 938 757 1008 est,
773 939 812 995 ut
831 945 902 994 uos
922 922 1189 1023 intelligimus,
1206 929 1320 1002 inflam-

348 1061 479 1120 matus.
495 1046 567 1117 Sed
582 1061 617 1117 et
632 1059 767 1144 praeter
778 1059 925 1116 nostras
938 1043 1235 1140 observationes,
1248 1052 1319 1141 alie,

273 1230 280 1248 ,
344 1190 415 1238 nec
432 1188 578 1264 paucoe,
597 1155 758 1234 aliorum
776 1177 864 1235 sunt
879 1162 937 1233 vel
958 1164 998 1234 in
1017 1167 1069 1236 lv
1084 1164 1176 1256 hac,
1196 1194 1240 1240 ne
1257 1169 1319 1240 lon·

346 1283 428 1383 gius
445 1282 637 1370 abeamus,
668 1280 903 1380 Sepulchreti
922 1282 1111 1371 sectione,
1136 1289 1319 1358 utPanaro·

344 1402 371 1472 li
389 1400 462 1498 (ι),
480 1399 547 1498 qui
565 1423 633 1472 cor
645 1413 769 1472 totum
785 1399 972 1489 albidum,
992 1414 1030 1472 et
1047 1400 1319 1473 tomentosumuh

346 1518 539 1609 materiam
550 1569 560 1606 ,
570 1521 706 1588 tnnioae
718 1517 835 1615 ipsius
846 1517 1103 1590 adhaerentem
1117 1573 1127 1608 ,
1140 1519 1317 1617 proposuit,

346 1651 390 1708 ut
406 1634 563 1707 Harderi
579 1635 657 1731 (2),
675 1636 741 1732 qui
756 1621 1008 1732 petricordium
1029 1641 1131 1712 intus
1148 1635 1317 1734 ht‘spidnn,

348 1769 386 1824 et
401 1752 508 1825 velut
525 1752 733 1824 holoserico
753 1752 955 1825 obductum
972 1753 1189 1853 descripsit,
1205 1777 1262 1824 cor
1274 1775 1319 1822 au·
1381 1743 1382 1750 '

345 1888 421 1946 tem
441 1872 599 1973 lympha
617 1897 744 1944 crassa
757 1872 1045 1961 circumdatum,
1060 1897 1149 1971 quae
1161 1874 1318 1943 corticisin

347 1987 500 2061 modum
518 1987 617 2062 illud
630 1991 825 2062 ambientis
844 1989 993 2062 detrahi
1013 1993 1160 2088 potuit,
1183 2004 1277 2086 atque
1290 1999 1319 2057 ut

345 2131 422 2180 una
440 2105 571 2207 plures
586 2107 868 2181 observationes
891 2109 1145 2206 complectar,
1164 2119 1204 2180 ut
1217 2101 1319 2176 Guari-

348 2225 457 2298 nonii
474 2225 546 2326 (3),
570 2225 636 2326 qui
649 2225 801 2298 'ot'disse
820 2251 858 2297 se
880 2223 1040 2300 affirmat
1061 2224 1255 2326 plerosque
1279 2218 1318 2291 la·

346 2348 432 2416 teris
447 2341 581 2417 dolore
603 2359 641 2415 et
652 2348 969 2442 peripneumonia
995 2365 1194 2443 oppressos
1217 2355 1250 2413 et
1271 2361 1318 2410 ea·
1380 2335 1381 2398 ἶ

347 2465 481 2534 tinctos
495 2462 535 2534 in
551 2465 683 2560 quibus
690 2463 821 2534 vitiosa
833 2463 988 2534 materia
1001 2461 1114 2533 cordi
1126 2459 1266 2534 loricam
1277 2453 1317 2525 al·
1380 2449 1381 2502 i

345 2577 432 2648 barn
448 2579 625 2674 efficeret,
642 2580 718 2650 sive
735 2602 801 2649 cor
817 2583 928 2676 qnasi
948 2577 1148 2675 lanugine,
1168 2592 1230 2648 ant
1240 2571 1316 2648 culce

346 2699 553 2792 cooperiret
566 2694 636 2792 (l),
652 2711 819 2796 utsupra
834 2694 888 2794 (5)
902 2695 1064 2782 dixerat,
1076 2695 1146 2769 ubi
1159 2697 1259 2768 etiam
1269 2703 1316 2761 tes

344 2824 465 2900 tatur,
482 2810 521 2880 in
536 2808 740 2885 illiusmodi
754 2812 996 2886 cadaveribus
1010 2835 1092 2884 non
1107 2812 1220 2886 modo
1230 2833 1261 2882 se
1272 2829 1316 2876 ca·

347 2931 495 3001 vitatem
520 2929 685 3002 thoroct's
704 2936 905 3031 sepissime
931 2937 1083 3028 aquosi,
1106 2931 1189 3004 albi
1201 2941 1314 3006 tanen,

344 3045 509 3123 humoris
518 3047 677 3148 plenarn
683 3056 927 3148 conspexisse,
942 3051 1007 3121 sed
1022 3064 1059 3121 et
1063 3049 1255 3148 pulmones
1258 3035 1315 3140 ple·

345 3190 414 3238 nos
430 3181 468 3239 et
476 3165 601 3258 duros,
615 3165 936 3264 quemadmodum
951 3183 1059 3240 autea
1072 3165 1129 3265 (6)
1142 3163 1313 3238 indicatur

343 3369 1325 3408 -ᾙ-μ-μ-ι--η--ι-ῤ,

416 3533 520 3610 l0b⁵
541 3551 592 3608 29
609 3535 669 3604 §7-

416 3631 427 3709 )
448 3633 483 3687 ln
497 3633 647 3689 Addmtam
661 3631 725 3687 obs.
739 3649 785 3688 11.

416 3731 525 3809 )Ibid.
550 3733 666 3802 obs.,a
687 3735 743 3801 52.

415 3831 427 3908 l

385 3531 413 3608 (t

383 3629 414 3707 (α

383 3730 414 3810 (3

383 3829 413 3905 (4
447 3829 516 3887 Vid.
531 3829 624 3905 Epist
643 3827 742 3900 45,11.
763 3825 809 3886 16.

382 3928 392 3989 (
396 3928 426 4004 5)
446 3928 519 3986 obs.
536 3930 626 4028 modo
644 3929 725 3998 cit.§

381 4027 548 4104 ()N21.
