2820 4662
167 506 236 553 mr.
265 505 306 553 11.
333 503 381 552 nr
407 499 999 568 rtoamsruouncts,rr1sr.x1x.
1028 495 1097 588 497

101 621 172 696 tius
193 618 314 694 oeulis
332 620 373 690 in
389 641 485 691 vena
502 615 650 707 defixis,
665 642 781 692 manu
795 635 920 692 autem
936 623 1103 697 abdomi-

102 741 140 810 ni
154 739 325 825 admota,
340 737 619 810 evidentissime
635 739 830 836 perspexi,
850 742 1104 837 quotiescum-

101 881 175 955 que
185 856 260 929 hoc
274 855 321 927 ab
335 853 581 954 inspiratione
593 852 854 946 attollebatur,
867 857 1002 929 eodem
1012 875 1106 933 tem-

11 993 12 1000 ’
101 997 196 1072 pore
223 997 359 1062 venam
385 971 487 1043 illam
517 971 640 1042 statim
664 985 829 1061 tumere,
853 1000 979 1073 neque
1003 979 1108 1076 prius

11 1093 13 1118 ²
103 1089 373 1180 detumescere,
383 1113 499 1188 quam
508 1087 697 1188 abdomen
711 1091 751 1163 in
765 1094 1015 1190 exspiratione
1026 1097 1109 1170 sub·

11 1209 13 1236 ³
104 1210 258 1295 sideret3
277 1208 490 1281 tunc-enim
507 1205 619 1280 simul
631 1231 734 1280 venae
751 1233 906 1324 quoque
920 1218 1109 1312 turgentia

11 1315 12 1354 ³
102 1326 302 1400 manifesto
313 1323 564 1399 decrescebat.
582 1328 671 1416 Quae
686 1350 771 1398 cum
789 1329 966 1404 Valsalvae
980 1331 1109 1406 obser·

11 1469 13 1472 ·
102 1445 576 1530 vatiouiadversarentur,
605 1457 710 1515 tanto
735 1443 951 1541 diligentius
970 1465 1008 1522 et
1029 1454 1113 1550 ipse

101 1565 240 1637 iterum
268 1563 484 1658 iterumque
509 1558 722 1646 observavi,
742 1573 779 1631 et
800 1560 911 1635 abiis
931 1567 998 1660 qui
1021 1569 1109 1640 ade-

11 1673 13 1712 ³
94 1671 212 1767 rant,
232 1679 493 1751 oculatissimis
511 1675 794 1776 prosectoribus
817 1679 956 1777 Vulpio
976 1697 1013 1753 et
1033 1687 1110 1756 Me-

11 1803 16 1832 ·'
102 1799 239 1884 diavia,
255 1796 302 1870 ab
319 1797 478 1895 aliisque
499 1795 754 1867 attentissimis
772 1795 882 1883 viris,
909 1812 945 1868 et
966 1798 1112 1873 adoles-

11 1913 13 1950 ³
104 1916 280 1990 centibus
306 1913 498 1988 observari
522 1912 655 1983 volui:
680 1936 829 2010 semper
850 1927 974 1988 autem
994 1917 1044 1990 ita
1070 1933 1113 1991 ut

103 2036 284 2134 exposui,
305 2057 364 2104 res
386 2056 425 2104 se
444 2028 578 2101 babuit
594 2055 601 2098 :
618 2025 740 2125 eoque
766 2031 891 2103 minus
913 2033 1112 2109 videbatur

11 2151 13 2188 ss
103 2150 259 2225 errandi
284 2147 513 2248 periculum,
537 2171 616 2245 quo
635 2151 752 2244 magis
771 2162 931 2246 utraque
951 2155 1112 2251 respira-

11 2305 12 2308 *
101 2267 220 2341 tionis
241 2279 406 2363 pars,¹et
429 2279 530 2336 certe
555 2264 770 2361 inspiratio,
794 2291 929 2364 magna
954 2285 1050 2362 erat,
1074 2286 1113 2346 et
1171 2305 1176 2310 ¹

104 2383 365 2472 diuturna,·et
384 2382 529 2454 alterno
552 2383 686 2453 ordine
711 2384 769 2454 sui
794 2407 943 2483 semper
962 2389 1111 2480 similis,

103 2515 150 2573 ut
165 2526 243 2572 uon
260 2500 330 2572 alia
346 2501 386 2569 in
401 2513 478 2571 tota
493 2499 555 2570 illa
569 2494 681 2570 fuerit
695 2498 969 2576 observatione.
989 2509 1035 2577 Et
1051 2531 1112 2606 op·

14 2629 16 2663 ³
101 2617 232 2693 tabam
250 2618 403 2718 quidem
419 2643 465 2690 eo
480 2633 726 2716 tempore‚ut
740 2618 892 2692 tandem
912 2626 1111 2721 respiratio

101 2737 154 2811 ad
172 2721 379 2809 naturalem
401 2736 556 2808 modum
577 2736 735 2824 rediret,
762 2763 839 2834 quo
860 2741 999 2812 certius
1021 2767 1110 2815 eum

101 2855 283 2929 Valsalvae
303 2847 563 2928 observatione
574 2843 832 3042 compffm
848 2879 981 2928 meam.
999 2861 1110 2934 Nunc

102 2999 196 3047 vero
212 2973 299 3061 illae,
317 2970 367 3043 ob
384 2993 477 3068 quas
489 2970 687 3042 haecnonr
727 2974 820 3055 acui,
839 2995 955 3044 causae
968 2973 1112 3048 iaciunt

102 3093 281 3166 utmiuus
291 3114 387 3188 aegre
400 3086 515 3160 feram
530 3111 610 3159 non
621 3087 785 3159 rediisse.
804 3091 880 3160 Nec
892 3112 983 3161 vero
997 3093 1110 3164 aliam

100 3226 283 3310 praterea
304 3207 487 3306 juguleris
503 3229 606 3286 venae
626 3206 822 3302 systolem,
849 3221 886 3277 et
912 3205 1109 3282 diastolem

99 3327 233 3400 videre
243 3326 371 3426 potui,
385 3339 422 3396 et
437 3324 540 3394 illam
554 3325 673 3423 ipsam
687 3320 841 3408 fortasse
854 3324 1024 3398 Valsalva
1036 3329 1112 3402 sub,

99 3445 162 3518 his
184 3441 405 3516 nominibus
430 3441 613 3513 intellexit
636 3436 924 3528 subsidentium,
951 3459 1108 3546 turgeu·

98 3565 270 3660 tiamque
290 3559 480 3658 'juguleris
510 3583 634 3646 vena,
669 3559 822 3630 alternis
851 3561 1108 3658 respirationis

100 3678 276 3780 partibus
291 3677 594 3777 respondentem.
612 3681 656 3746 ln
667 3677 823 3774 reliquis
837 3695 962 3750 autem
978 3680 1107 3768 obser·

98 3796 317 3871 vationibus
330 3796 425 3867 nihil
439 3792 508 3868 fuit
519 3794 629 3892 ¹quod
643 3795 821 3865 Valsalvae
834 3795 1104 3874 adversaretur.

96 3919 197 3989 Nam
225 3941 378 3988 summae
406 3915 615 4014 proximam
641 3937 742 3983 venae
765 3927 909 4011 partem
934 3938 1021 3986 cum
1055 3921 1107 3992 ita

98 4033 407 4110 constrinxissem
437 4055 616 4133 appresso
639 4022 776 4130 digito,
801 4046 844 4104 ut
864 4055 886 4102 a
912 4036 1104 4133 superiore

172 4180 205 4224 a.
883 4147 930 4222 32
