2812 4660
313 427 396 502 3161
481 453 527 500 oa
554 447 701 501 surinus
726 455 770 501 rr
795 451 920 501 causis
946 451 1157 501 uoaaonnu

309 591 410 638 anno
432 565 543 664 1670,
558 551 726 639 medicus
748 566 977 664 caeteroquin
996 565 1166 638 eruditus
1186 567 1313 640 Joacb.

309 689 445 782 Georg.
474 686 667 773 Elsnerus,
686 709 773 756 cum
795 685 937 757 arteriae
961 698 1073 756 aortae
1094 709 1314 781 aneurysma

310 826 330 872 a
348 802 538 874 Guilelmo
555 805 647 874 Riva
659 803 943 901 deprehensum
968 817 1230 899 proponeret,
1249 801 1312 872 ob·

309 920 510 990 servationi
519 917 718 1016 praefixerit
728 919 881 991 titulum
891 917 938 990 de
948 917 1193 990 Paradoxico
1204 942 1312 989 ancu-

309 1050 470 1128 rysmace
494 1043 637 1108 aortico
649 1091 660 1124 ,
683 1052 720 1108 et
741 1027 931 1106 alfirmaie
959 1058 1039 1105 non
1062 1034 1310 1122 dubitaverit,

308 1149 536 1248 aueurysma'
552 1178 642 1225 raro
660 1154 725 1225 vel
747 1177 941 1252 nunquam
967 1155 1005 1221 in
1024 1154 1234 1248 majoribus
1253 1177 1311 1221 ar-

308 1273 408 1338 teriis
434 1268 623 1359 accidere3
650 1274 811 1342 excitari
831 1283 957 1340 autern
973 1273 1145 1366 potuisse
1171 1274 1309 1366 inipso

309 1407 457 1482 quoque
475 1402 587 1459 corta
598 1441 657 1476 ,....
670 1393 804 1458 mirum
822 1385 953 1458 videri.
975 1384 1102 1475 Quid?
1116 1384 1308 1455 si-uullum

305 1500 378 1598 ipsi
387 1505 601 1602 exemplum
614 1505 733 1576 simile
745 1517 879 1576 notum
892 1502 1038 1590 fuisset,
1052 1515 1187 1574 contra
1199 1516 1307 1597 atque

291 1619 378 1692 ¹sub
396 1622 517 1719 ipsum
542 1622 814 1695 observationis
841 1619 957 1693 finem
979 1618 1154 1692 ostendit.
1175 1619 1308 1692 Obser-

306 1738 407 1809 vatio
419 1755 542 1811 autem
558 1738 637 1810 haec
652 1753 708 1810 est
726 1762 841 1836 quam
855 1734 1306 1834 designare‘Laucisiusb)

306 1856 443 1946 voluit,
461 1883 547 1930 cum
560 1858 630 1945 ait,
648 1856 918 1954 aneurysmatis
934 1855 1032 1926 Rivae
1052 1859 1199 1923 iconem
1211 1873 1304 1923 anno

297 1979 426 2069 primo
446 1999 659 2072 expressam
672 1998 763 2044 cura
781 1978 957 2044 Germani
972 1975 1109 2044 observ.
1135 1969 1179 2040 18
1199 1976 1304 2040 inser·
1372 2017 1376 2024 -

307 2104 385 2159 tam
401 2092 538 2181 fuisse.
562 2088 858 2187 premeridum
884 2113 1049 2185 namque
1077 2088 1304 2186 germanica-

280 2231 390 2278 -rum
417 2200 557 2280 naturae
579 2209 822 2280 curiosorum·
833 2230 996 2294 nomeu,
1012 2201 1218 2303 operarum
1236 2201 1305 2276 cul·

280 2339 351 2422 ‘pa
369 2325 425 2396 ibi
445 2342 510 2398 aut
532 2326 731 2412 omissum,
753 2333 817 2394 aut'
836 2325 906 2412 ita,
924 2339 965 2396 ut
987 2323 1188 2421 descripsi,
1209 2320 1306 2394 vitia·

304 2456 384 2512 tum
403 2458 475 2531 est,
494 2459 697 2514 non‘secus
713 2466 755 2512 ac
774 2456 832 2513 tot
852 2441 924 2512 alia
939 2443 979 2512 iu
1006 2439 1223 2539 posthumis
1240 2436 1303 2510 illis

115 2579 117 2582 ·
208 2625 212 2630 .
303 2561 521 2658 summiviri
535 2560 680 2657 scriptis
698 2561 836 2657 passim
850 2558 1032 2644 uidemus.

350 2679 423 2751 Sed
443 2681 546 2753 abeo
564 2705 664 2752 anno
684 2681 776 2778 1670
793 2679 841 2751 ad
851 2694 980 2752 nostra
999 2700 1120 2774 usque
1137 2689 1303 2772 tempora

304 2799 421 2895 magis
448 2799 641 2896 magisque
668 2796 964 2872 allaborantibus
989 2793 1230 2880 anatomicis,
1254 2801 1303 2860 tot

264 2985 265 2989 ,
301 2913 582 2988 observationes
596 2915 643 2987 ad
654 2917 801 3015 priores
816 2915 897 2988 illas
911 2913 1043 2986 additae
1057 2926 1163 2997 sunt,
1176 2923 1301 2980 utnon

282 3047 284 3050 ’
300 3035 461 3132 amplius
473 3037 591 3122 mirae,
602 3049 765 3108 autrarae
775 3047 886 3104 aortae
898 3031 1135 3138 dilatationes
1147 3025 1303 3099 habean-

299 3168 370 3224 tur.
387 3155 487 3244 Quiu
505 3155 616 3227 simul
634 3179 679 3225 co
690 3167 846 3225 ventum
860 3165 933 3239 est,
954 3163 996 3220 ut
1006 3143 1300 3247 praecedentibus

300 3269 436 3342 harum
454 3273 594 3360 causis,
608 3283 644 3342 et
657 3267 936 3342 occasionibus:
955 3282 992 3338 et
1014 3265 1130 3362 signis
1145 3288 1191 3335 ex
1206 3259 1301 3332 ordi·

299 3412 347 3458 ne
372 3373 549 3460 omnibus
578 3389 708 3486 saepius
736 3383 1025 3472 animadversis,
1043 3397 1080 3453 et
1099 3379 1299 3463 adnotatis,

301 3505 388 3598 ¹eum
411 3505 610 3594 morbum,
629 3505 735 3600 cujus
753 3503 865 3590 olim,
886 3515 1070 3600 quantum
1092 3497 1215 3585 vides,
1231 3517 1300 3566 me·

180 3705 182 3712 Α
244 3703 246 3706 ,
300 3621 373 3694 dici
392 3623 564 3693 notitiam
582 3621 794 3718 habuerant
819 3619 988 3705 nullam,
1005 3631 1042 3689 et
1068 3639 1185 3713 quem
1207 3635 1301 3686 secu·

302 3823 1302 3854 Μ

337 4007 381 4085 (ι)
401 4011 445 4066 De
458 4009 571 4066 Aneur.
585 4008 605 4063 l.
623 4025 640 4064 a
649 4047 658 4078 ,
673 4026 699 4064 c·
713 4023 747 4080 a,
758 4008 852 4080 Prop.
866 4021 913 4062 aa·
993 4062 997 4070 ,
