2820 4662
149 467 216 518 mn.
244 467 284 516 n.
313 467 360 516 ns
376 458 522 515 *nonnis
546 462 743 533 rnoasots,
769 449 880 518 n‘r1sr.
908 468 981 516 xix.
1011 440 1081 519 505

58 599 59 602 ’
78 583 144 655 Fac
160 583 269 670 item,
295 595 338 652 ut
360 571 493 652 eorum
518 579 588 652 tibi
606 582 731 655 veniat
756 582 796 654 in
815 598 982 655 mentem
1000 609 1082 682 quae

37 783 41 794 Ι
78 723 189 798 supra
213 699 268 796 (ι)
294 698 341 770 de
364 698 629 770 circulatorum
657 724 784 796 capra,
807 715 843 772 et
867 699 914 772 de
938 699 1083 774 adoles·
1113 765 1114 768 ,

78 816 249 890 centibus
264 811 344 888 tuni
358 813 518 914 Assyriis
533 799 612 888 tuin
628 818 762 889 Pisano
774 820 1086 892 commemoravi·

77 955 176 1022 mus,
195 950 237 1006 ut
261 934 316 1005 illi
334 949 447 1032 atque
469 935 509 1004 hi
530 936 740 1033 intercepto
760 960 889 1022 sensu,
904 951 942 1008 et
960 951 1086 1024 motu,

77 1051 339 1152 conciderent,
356 1067 393 1124 et
405 1050 742 1138 obdormiscereut.
764 1056 879 1153 Atqui
900 1055 964 1146 illa
984 1041 1085 1126 certe

77 1172 127 1244 sic
142 1168 390 1258 concidebat,
409 1193 506 1241 *cum
524 1163 671 1242 vincula
686 1171 731 1244 iis
750 1197 832 1268 quae
853 1157 922 1270 per
943 1171 1086 1245 collum

74 1283 369 1360 simulieruntur
383 1287 498 1375 vasis,
524 1302 561 1358 et
586 1288 711 1360 nervis
731 1288 868 1384 injecta
886 1265 1085 1362 contralie·

75 1403 236 1492 bantur,
251 1430 329 1476 non
345 1419 400 1475 est
416 1417 541 1476 autem
557 1404 823 1476 circulatorum
836 1410 1005 1496 arterias,
1022 1431 1086 1484 ve·

77 1545 223 1620 nasque
242 1522 473 1608 discernere,
488 1536 533 1592 ut
548 1522 628 1591 veri
643 1507 798 1620 siruilius
817 1524 881 1610 sit,
899 1526 1025 1595 omnia
1038 1525 1087 1596 si-

77 1639 159 1710 mul
178 1636 291 1710 fuisse
306 1661 529 1736 compressa.
550 1640 683 1734 Neque
696 1640 785 1736 ipsis
802 1639 887 1710 licet
904 1642 1087 1711 anatomi-

77 1758 131 1829 cis
148 1757 189 1826 in
208 1770 310 1827 tanta
330 1749 554 1842 nervorum,
572 1769 608 1826 et
620 1778 795 1848 vasorum
810 1757 1008 1854 utriusque
1024 1782 1088 1855 ge-

76 1874 182 1945 neris
198 1874 406 1960 vicinitate,
424 1873 501 1942 imo
512 1871 728 1944 cohaesione
737 1872 810 1943 hoc
821 1873 959 1971 potiuS,
973 1897 1087 1971 quam

75 1989 193 2078 illud,
211 1991 462 2088 comprimere
477 1988 547 2061 sub
565 1989 675 2061 illaesa
696 2005 781 2062 cute
798 2017 806 2059 τ
825 1990 1020 2062 nec-aliter
1034 1988 1089 2064 fe·

79 2109 177 2180 cisse
202 2107 352 2179 videtur
372 2106 582 2181 Columbus
600 2106 667 2205 (2).
688 2107 873 2207 Idemque
893 2110 963 2180 erit
985 2109 1089 2180 deni-

79 2223 419 2323 quesentiendum
439 2224 486 2295 de
505 2226 771 2323 experimentis
792 2227 999 2300 Aristotelis
1014 2226 1090 2324 (3),
1120 2285 1127 2298 ,

79 2340 153 2437 qui
169 2341 238 2410 etsi
257 2339 382 2413 verbis
395 2341 587 2440 jugulares
606 2367 739 2432 venas,
755 2368 904 2442 easque
923 2345 1089 2416 internas

81 2455 276 2554 designat,
281 2459 385 2550 foris
396 2475 522 2548 tamen
532 2461 783 2560 apprehensas
793 2462 899 2548 dicit,
915 2487 1091 2537 corruen-
1176 2459 1178 2464 ’

81 2577 182 2647 tibus
205 2575 436 2666 homiuibus,
458 2580 624 2662 sensibus
648 2585 804 2678 creptis,
836 2585 874 2651 ct
894 2581 1090 2680 palpebris

77 2697 306 2790 compressis.
325 2695 420 2766 Sane
437 2695 548 2767 etiarn
567 2695 685 2769 Salius
702 2696 758 2794 (4)
778 2697 825 2770 de
847 2697 905 2770 his
929 2699 1019 2797 ipsis
1032 2699 1105 2769 lo-·
1138 2761 1142 2768 .

82 2833 225 2907 quens,
242 2833 322 2880 non
339 2809 504 2899 dubitat,
521 2813 634 2884 simul
656 2838 792 2903 venas,
815 2816 986 2904 arterias,
1005 2837 1090 2889 ner·

81 2949 153 2998 vos
168 2924 281 2998 fuisse
301 2925 535 3000 constrictos.
548 2934 593 3000 Et
605 2930 784 3003 Riolanus
798 2929 852 3027 (5)
867 2932 933 3002 illo
950 2935 1092 3006 Aristo-

84 3041 171 3114 telis
186 3041 374 3140 producto
390 3041 495 3133 loco,
519 3068 597 3132 con
618 3059 806 3133 constare,
825 3047 893 3133 ait,
912 3051 1008 3116 inter
1023 3073 1092 3118 orz-

87 3165 213 3258 siquos
231 3175 402 3232 auctores
421 3160 473 3233 de,
491 3167 602 3249 rasis,
621 3186 707 3258 quoe
729 3162 873 3260 laqueis
889 3167 1093 3261 intercepta

78 3301 261 3377 ,soporem
277 3275 474 3366 inducant,
489 3284 671 3378 quoniam
689 3258 770 3352 laec
785 3291 876 3352 'vasa
898 3303 1016 3369 venae,
1029 3305 1092 3352 ar·
1148 3285 1152 3289 ’

121 3611 170 3692 (ι)
190 3613 228 3668 N.
243 3627 295 3690 ἀι.

124 3711 172 3791 (2)
192 3712 270 3770 Ibid.

126 3811 175 3890 (3)
195 3811 255 3870 via
279 3829 384 3889 supra,
400 3831 432 3868 n.
450 3830 499 3869 ar.

127 3911 174 3991 (4)
195 3913 240 3968 De
251 3911 304 3972 ais.
316 3912 423 3989 partic.
442 3931 467 3970 c.
483 3930 509 3968 2.
545 3932 550 3941 ·

128 4011 175 4092 (5)
194 4007 399 4092 Anthropogr.
411 4014 431 4070 1.
449 4013 466 4070 3
475 4053 484 4085 ,
498 4031 522 4070 c.
538 4031 568 4087 9.
