2820 4662
237 456 240 460 .
281 391 352 491 504
450 426 497 472 nn
523 423 887 474 semiusvmeiuds
913 426 1125 480 menmium

278 543 414 629 misso,
434 539 626 636 datisque,
643 563 727 610 eum
743 539 910 638 primum
926 543 1072 640 potuit,
1089 542 1294 633 cardinem,

277 673 321 729 ut
333 673 489 744 vocant,
509 656 812 746 medicamentis;
836 683 915 756 quo
945 657 1061 732 ferme
1087 663 1292 734 curationis

278 803 416 878 genere
436 775 790 876 strangulatosaiios
801 779 977 867 evasisse,
992 777 1131 851 additis
1146 777 1292 852 fomen-

276 897 344 984 tis,
360 895 550 967 baineisve
574 892 724 982 calidis,
743 892 845 992 apud
862 894 1064 968 Riolanum
1076 897 1154 994 (1),
1172 913 1212 970 et
1228 903 1292 969 Ba-

276 1038 414 1086 conum
428 1012 483 1107 (α)
498 1009 661 1100 videbis3
678 1036 720 1084 ea
730 1012 846 1108 igitur
859 1011 994 1086 mulier
1006 1029 1214 1113 postquam
1230 1040 1289 1088 su-

276 1131 422 1204 dariolo
440 1130 629 1218 detracto,
654 1128 824 1225 adjuvari
842 1145 964 1229 coepta
983 1145 1057 1220 est,
1080 1133 1291 1230 permultas

276 1250 390 1321 horas
405 1249 515 1320 etiam
533 1255 614 1318 tum
628 1247 746 1343 jacuit
764 1247 985 1363 priusquem
1006 1247 1054 1320 ad
1075 1273 1113 1322 se
1135 1249 1287 1322 rediret.

275 1368 390 1440 Vides
404 1391 464 1438 me
482 1366 591 1464 plura
603 1365 772 1464 exempla
791 1368 1110 1458 cemme'morare,
1127 1394 1178 1441 ne
1194 1368 1286 1467 quid

276 1484 516 1584 strangulatis
526 1509 727 1558 commune
738 1485 987 1574 sit,dubites;
1007 1486 1287 1586 simulquepoe

275 1605 324 1676 sis
340 1603 583 1702 recogitando
594 1603 788 1702 proposita
798 1604 837 1673 in
849 1602 1006 1676 canibus
1013 1605 1287 1702 experimenta,

274 1843 350 1926 visi,
367 1855 430 1910 aut
444 1841 608 1928 arteriis,
626 1853 690 1910 aut
706 1838 812 1910 venis
826 1863 958 1910 eorum
975 1839 1174 1937 ¹plerisque
1194 1865 1284 1911 con-

275 1959 421 2056 tigerit,
452 1956 760 2028 animadvertere.
790 1955 902 2046 Quod
935 1957 965 2030 si
993 1981 1072 2028 non
1105 1957 1283 2056 contigit,

277 2075 429 2147 aliunde
445 2076 500 2146 rei
522 2098 670 2147 causam
692 2099 836 2172 quaeras
856 2098 1007 2146 necesse
1025 2090 1091 2148 est.

328 2194 385 2291 37.
414 2198 457 2264 Et
479 2191 573 2263 mihi
589 2192 744 2289 quidem
760 2191 838 2264 haec
853 2193 979 2264 omnia
996 2194 1191 2292 reputanti
1207 2214 1280 2266 res-

276 2327 355 2384 tare
373 2311 524 2384 videtur
546 2310 759 2408 quidpiam,
778 2310 825 2383 de
843 2335 921 2408 quo
939 2333 1009 2409 per
1028 2313 1278 2410 experimenta

278 2430 393 2528 quaeri
416 2431 615 2527 potuisset,
636 2428 675 2498 id
696 2442 751 2500 est
769 2454 817 2499 an
838 2427 993 2500 canibus
1011 2428 1119 2500 aliter
1141 2427 1278 2502 accide-

277 2563 353 2631 ret,
370 2549 401 2618 si
417 2573 496 2616 non
512 2546 656 2642 singule
677 2545 740 2616 illa
761 2547 801 2616 in
822 2571 954 2618 eorum
975 2546 1094 2635 collO,
1117 2546 1184 2620 sed
1203 2548 1279 2620 uni·

277 2688 399 2751 verse,
416 2663 563 2758 injectis
577 2664 762 2761 utrinque·
770 2663 931 2738 vinculis
947 2663 1278 2762 adstringerentut.

279 2781 389 2855 Aliud
412 2781 512 2852 enim
524 2782 747 2854 eonstrietIs-
765 2781 940 2880 singulis,
962 2781 1064 2854 aliud
1080 2782 1282 2869 universe,

225 2929 227 2939 ·
280 2899 450 2973 accidere
479 2923 607 2998 posse,
628 2925 719 2971 eum
740 2898 881 2986 indicat
903 2900 1019 2988 ratio,
1042 2914 1124 2970 tum
1153 2901 1282 2974 confir·

279 3033 357 3091 mat
374 3019 611 3116 experientia.
630 3021 729 3106 Nam
741 3011 834 3116 quid
850 3019 990 3102 nervis,
1007 3016 1100 3115 quid
1116 3019 1211 3089 item
1228 3043 1282 3090 ar-

279 3139 383 3212 teriis
404 3137 491 3210 §OHs
511 3136 684 3234 obligatis
707 3132 790 3224 fiat,
810 3160 896 3228 cuin
920 3129 1042 3234 po'ssis
1062 3160 1108 3207 ex
1134 3135 1231 3225 hac,
1250 3151 1284 3210 et

282 3283 327 3330 ex
351 3255 508 3354 epistola
536 3269 663 3325 nostra
687 3255 895 3326 anatomica
922 3257 1010 3324 XIII
1031 3277 1285 3352 cognoscere;
1397 3349 1398 3354 ἵ

282 3372 423 3445 ibidem
451 3373 505 3472 (3)
529 3370 692 3460 videbis,
712 3397 833 3469 quam·
845 3369 1052 3462 dissimilia,
1080 3387 1117 3443 et
1143 3386 1287 3469 quanto

284 3493 393 3564 etiam
430 3492 599 3590 graviora
625 3490 851 3580 acciderint,
883 3491 1052 3587 utrisque
1093 3491 1285 3588 colligatis.

323 3663 327 3674 .
1033 3664 1041 3688 ,
1397 3653 1398 3672 ,

323 3745 374 3872 (1)=
387 3743 593 3868 Aithiopogr.
610 3765 714 3865 l.⁵1,e.
730 3790 776 3850 ιθ.

213 3921 220 3936 ι
322 3893 366 3970 (2)
387 3892 463 3949 Hist.
478 3891 568 3948 modo
582 3890 631 3948 eit.

321 3991 364 4070 (3)
386 3995 423 4049 N.
437 3993 484 4049 31.
