2820 4662
258 519 269 540 ,
305 448 377 538 4αὸ
469 471 515 518 nr
542 469 689 518 scurrus
712 471 756 516 rr
780 469 904 517 caus1s
930 467 1150 518 uoaaororr
1202 505 1207 512 .

304 584 468 656 necdum
495 583 544 656 ob
564 599 707 655 aetatem
735 581 868 656 cedere
900 583 1097 658 desierant.
1124 588 1306 656 Caeterum

305 704 523 801 opinionem
541 701 900 800 propositam,quod
912 701 957 773 ad
969 703 1178 800 peculiares
1198 728 1308 800 quas·

304 820 389 891 dam
410 821 629 892 arteriarum
659 819 896 892 dilatationes
927 821 1083 907 attinet,
1109 819 1236 893 libens
1259 819 1305 893 fa·

301 953 385 1026 teor
405 964 513 1036 posse
530 936 734 1034 aliquando
759 962 804 1008 ex
822 952 926 1034 parte
945 939 1069 1036 aliqua
1086 937 1217 1008 locum
1245 937 1307 1010 ha·

300 1055 390 1128 bere
405 1111 415 1143 ‚
430 1057 530 1128 velut
550 1056 589 1124 in
612 1055 758 1126 cisiario
778 1053 916 1151 dequo
935 1055 1093 1152 epistola
1111 1059 1305 1154 superiore
1400 1035 1401 1106 Ῑ

302 1175 378 1270 (ι’),
395 1174 586 1271 magisque
601 1195 646 1244 eo
661 1175 699 1242 in
713 1196 820 1260 casu,
834 1173 942 1268 cujus
963 1174 1162 1245 occasione
1177 1174 1303 1270 opinio

299 1291 369 1362 ista
398 1305 525 1360 exorta
546 1287 633 1376 est3'
650 1305 756 1360 erant
777 1291 936 1361 enimin
958 1291 1169 1388 posteriore
1196 1306 1302 1362 aortae

300 1406 393 1480 facie
422 1406 705 1504 hemisphaerica
726 1407 898 1505 quaedam
910 1407 1070 1496 tubera,
1090 1405 1211 1479 foveis
1232 1431 1301 1480 res·
1401 1469 1402 1472 ,

298 1523 525 1624 pandentia3
545 1551 625 1622 qiiae
641 1526 679 1596 in
699 1527 886 1623 contiguis
901 1525 1161 1598 vertebrarum
1183 1525 1301 1597 thora·
1401 1547 1402 1556 ¹

299 1644 352 1714 cis
365 1643 588 1740 corporibus
599 1659 792 1728 excavatae,
803 1644 957 1741 singulae
971 1643 1137 1742 singulas
1148 1644 1233 1715 illas
1241 1644 1300 1715 he-

297 1760 550 1860 misphaericas
582 1759 818 1834 dilatationes
852 1761 1095 1860 excipiebant.
1130 1765 1300 1834 Attamen

298 1878 1301 1977 aortaanteriorcquoquelacieeratdilatata,nequeea

297 1995 409 2072 facies
431 1997 613 2070 similibus
631 1997 924 2097 hemisphaericis
941 1996 1231 2069 dilatationibus
1246 2021 1302 2068 ca·

296 2116 422 2188 rebat:
443 2141 608 2213 quorum
631 2132 808 2188 neutrum
826 2141 847 2186 a
867 2113 983 2187 foveis
1003 2115 1075 2187 illis
1101 2137 1185 2188 esse
1208 2129 1302 2213 pote·

296 2248 353 2303 rat
373 2233 643 2304 vertebrarum.
669 2232 728 2302 Sic
748 2233 859 2304 etiam
884 2231 986 2330 apud
1005 2255 1065 2302 me
1093 2246 1152 2302 est
1169 2232 1301 2303 siccata

297 2375 340 2423 ex
361 2350 526 2448 quodam
548 2349 702 2421 bomine
719 2351 853 2421 arteria
873 2374 1006 2448 magna
1023 2373 1110 2420 cum
1134 2348 1299 2446 oblongo

296 2469 567 2564 aneurysmatis
587 2491 715 2554 sacco,
741 2469 807 2566 qui
836 2469 928 2540 oriri
947 2445 1080 2566 incipit
1098 2481 1301 2564 antequam

297 2611 342 2658 ex
359 2586 422 2657 illa
441 2587 534 2656 rami
559 2587 773 2682 superiores
798 2585 978 2672 existaut3
998 2610 1043 2656 ex
1065 2585 1151 2682 ipso
1179 2599 1304 2657 autem

297 2704 393 2774 sacci
424 2703 532 2786 initio
562 2702 762 2800 peculiaris
794 2701 989 2778 extuberat
1017 2699 1303 2800 hemisphaerica
1403 2691 1404 2754 3

295 2817 482 2906 dilatatio,
494 2805 608 2917 capax
629 2835 801 2892 extremae
816 2822 932 2918 partis
949 2820 1131 2916 cujusque
1153 2819 1303 2900 crassis-

297 2937 379 3008 simi
397 2935 502 3034 digiti
515 2938 661 3035 pollicis
678 2965 686 3007 ε
705 2938 810 3036 quod
822 2954 922 3012 certe
938 2936 1070 3027 tuber,
1086 2951 1129 3007 ut
1141 2936 1303 3008 indicata

296 3057 403 3128 sedes
420 3055 603 3144 ostendit,
624 3056 719 3128 nulli
741 3057 815 3128 ossi
832 3055 1001 3127 vicinum
1021 3051 1160 3126 luerat..
1175 3053 1254 3126 Sed
1271 3067 1303 3126 et

296 3199 402 3261 eum,
428 3199 541 3271 quem
562 3176 600 3244 in
628 3157 710 3264 viro
727 3173 940 3256 Bellunensi
957 3171 1012 3271 (a)
1031 3170 1304 3270 descripsimus

298 3315 463 3378 saccum,
475 3307 671 3389 corruptas
685 3291 903 3364 claviculam
914 3305 1111 3387 castasque
1121 3290 1304 3386 attingen-

296 3421 383 3495 tem,
394 3434 486 3480 num
500 3409 614 3504 hujus
623 3407 845 3508 corruptelae
856 3431 968 3481 causa
978 3420 1108 3478 natum
1121 3404 1303 3490 dicemus,

297 3549 383 3596 cum
403 3528 482 3621 ejus
496 3529 615 3622 prima
628 3529 735 3626 origo
751 3547 797 3600 eu
812 3526 874 3598 illa
891 3527 1033 3624 pariter
1044 3539 1142 3598 esset
1159 3525 1303 3598 arteriae

296 3658 401 3744 parte
415 3668 498 3740 qua.
512 3659 548 3716 et
567 3644 613 3716 ab
631 3646 721 3733 illis,
740 3658 778 3718 et
795 3643 842 3718 ah
862 3643 1009 3737 ossibus
1023 3641 1103 3716 aliis
1123 3642 1304 3714 omnibus

294 3819 1300 3848 ..........................,................-...

336 3929 381 4009 (1)
407 3950 457 4002 17,
475 3951 507 3987 n.
525 3951 570 4003 17.

337 4033 381 4113 (a)
403 4033 514 4110 Supra,
529 4052 558 4093 n.
571 4030 619 4090 25.
