2750 4658
165 436 234 482 mu.
263 435 303 482 11.
331 435 378 480 nu
404 432 541 488 nouus
567 433 766 501 THORACIS,
790 437 912 488 umsu
929 441 1002 488 xv1.
1034 421 1109 510 243,

88 548 243 645 positae
256 545 454 642 Stalpartio
468 543 532 642 (ι).
554 547 622 624 Hic
640 548 740 621 enim
755 565 991 646 persanatam
1007 554 1056 626 ab
1066 581 1111 632 se¹

88 679 222 738 narrat
236 663 458 761 praetumida
471 687 513 733 ac
531 663 696 759 pallente
708 663 800 742 faeie
817 668 997 764 puellam,
1013 695 1107 746 nun.

90 807 208 882 qnam
227 797 439 861 menstruas
462 782 707 878 purgationes
733 800 941 881 expertam,
969 789 1009 862 in
1029 817 1107 888 qua

89 901 266 973 distincte
282 897 488 976 admodum
499 953 508 988 ‚
513 891 694 996 pulsante
713 901 826 978 corde
838 903 964 1000 (cujus
977 909 1106 1008 palpi-

92 1024 239 1092 tatione
264 1014 482 1113 laborabat)
516 1022 631 1115 ἱρείας
658 1043 771 1114 aquae
801 1027 1045 1116 agitationem
1069 1033 1107 1100 iu
1151 1039 1156 1044 '

83 1133 311 1234 pericardt'o
333 1133 466 1204 audire
494 1133 638 1206 licebat.
665 1139 714 1232 Et
740 1137 905 1216 Galenus
933 1143 1107 1238 quidem,

92 1269 135 1326 ut
155 1277 271 1350 snpra
291 1249 348 1347 (α)
367 1251 552 1341 vidimus,
577 1252 796 1350 scuipserat,
822 1256 1113 1354 palpitationem,
1165 1303 1167 1306 ·

92 1371 241 1458 cordis,
261 1393 343 1466 qun
360 1394 381 1439 a
401 1368 600 1466 pericardii
612 1369 785 1472 hydrope
802 1369 863 1461 fit,
880 1369 962 1448 fieri
973 1362 1113 1451 cumei·
1186 1411 1201 1437 v

89 1491 338 1586 gm'ficatione
365 1486 688 1585 quadamquad
716 1495 753 1558 in
777 1490 933 1569 hutnore
957 1520 1024 1566 cor
1050 1502 1109 1594 ip-

92 1631 176 1677 sum
202 1619 414 1692 nictentur,
437 1603 599 1678 liberum
619 1606 729 1677 nobis
753 1608 975 1705 relinquens
993 1615 1109 1686 inter-

95 1725 257 1823 pretari,
287 1747 334 1792 an
361 1746 403 1793 en
430 1719 653 1818 significatio
674 1722 720 1792 ab
740 1725 846 1820 aegris
866 1729 1111 1824 percipienda

95 1843 162 1930 sit,
182 1856 225 1912 ut
245 1839 357 1939 paulo
376 1853 462 1910 ante
486 1839 540 1935 (3)
560 1837 702 1930 dictum
730 1857 784 1914 est
810 1842 988 1918 accidisse
1018 1872 1111 1918 non-

96 1982 314 2056 nunquam,
328 1984 376 2036 an
389 1983 409 2030 a
423 1956 597 2044 medicis,
616 1959 682 2056 qni
700 1957 746 2028 ad
767 1961 969 2057 pericardii
988 1966 1109 2062 regio-

98 2103 210 2164 nem,
232 2101 390 2148 manum
418 2099 595 2148 auremve
615 2075 873 2165 admovendo,
897 2079 1041 2176 aliquid
1059 2081 1113 2160 ibi

97 2194 353 2274 fluctuationis
362 2193 673 2282 animadvertant,
688 2196 880 2292 egregium
895 2197 1025 2294 ntique
1035 2223 1111 2295 pree

100 2315 242 2389 cae'terie
257 2313 404 2410 signum
418 2309 589 2384 futurum
599 2335 670 2412 pro
682 2311 1031 2410 pathognomonico
1043 2303 1112 2394 hu·
1134 2397 1137 2404 Δ
1191 2351 1192 2360 ¹

99 2431 287 2516 bendum,
303 2431 332 2505 si
349 2429 505 2528 quidem
520 2455 680 2528 semper,
695 2445 732 2510 et
751 2431 846 2502 iniis
862 2456 1015 2528 quoque
1031 2459 1115 2516 osee,

100 2565 240 2648 posset,
259 2547 399 2646 quibus
412 2565 476 2628 aut
489 2549 739 2647 pericanlium
749 2549 1112 2648 nonmultumaqnae

99 2668 226 2748 adhuc
252 2666 386 2756 habet,
408 2683 470 2746 aut
493 2692 559 2739 cor
580 2669 620 2738 iu
641 2693 738 2772 aqua
762 2692 840 2741 nou
869 2667 1113 2746 vehementer

102 2789 280 2884 agitatum
304 2785 368 2858 sed
385 2785 566 2883 languido
583 2800 620 2857 et
634 2785 799 2860 obscuro
818 2801 925 2857 motu
943 2787 1005 2859 vix
1021 2809 1115 2870 con-

101 2905 304 2992 tremiscit,
330 2904 435 3000 sique
457 2902 562 2980 nullu
590 2927 629 2976 se
645 2904 888 3000 interponere
908 2902 1113 2998 aliquando

105 3037 236 3121 posset
251 3020 395 3094 fallacia
404 3036 469 3096 aut
491 3021 537 3096 ab
557 3022 664 3118 aquis
679 3023 718 3092 in
737 3021 891 3094 thorace
910 3021 1116 3115 stagnanti-

105 3139 196 3228 bus,
216 3155 280 3213 aut
299 3138 347 3210 ab
362 3141 444 3238 ipso
462 3139 715 3240 palpitationis
741 3152 867 3223 motu,
885 3150 949 3210 aut
965 3161 986 3208 a
1005 3159 1117 3218 causa

105 3259 176 3334 alia
190 3257 315 3354 aliqua
330 3258 519 3338 medicum
533 3255 639 3330 facile
660 3255 882 3354 decipiente.
903 3256 1026 3346 Quam
1043 3252 1117 3334 for·

107 3391 206 3450 tasse
227 3376 405 3474 suspicati
420 3391 508 3450 sunt
526 3377 592 3472 qui
608 3373 797 3472 Stalpartii
814 3371 1117 3452 observationem

108 3495 398 3592 praetnmisere,
412 3517 498 3566 cnm
516 3494 721 3591 praesertim
737 3517 815 3564 non
829 3491 951 3566 solum
962 3517 1041 3566 non
1062 3516 1117 3569 es·
1135 3580 1147 3587 p·

150 3775 197 3854 (ι)
217 3779 302 3834 Cent.
319 3798 349 3851 1,
365 3779 429 3837 obs.
442 3778 491 3838 36.

153 3877 197 3954 (a)
215 3879 251 3934 N.
267 3897 315 3934 20.

155 3974 199 4054 (3)
219 3977 258 4036 N.
276 3977 324 4042 23.
