2832 4662
290 411 361 500 544
387 491 391 502 ‚
454 433 501 479 nn
527 429 672 480 snnrnus
697 430 741 476 nr
766 427 890 478 crusis
917 401 1134 478 nonnosum

289 566 449 664 lingula,
468 589 533 637 seu
552 561 717 662 glottidis
735 563 848 649 rima,
867 576 911 635 ut
931 564 1046 660 paulo
1061 579 1151 638 ante
1171 565 1302 639 Schel-

289 681 607 756 hammeriverbis
620 681 1010 754 commemoravimus.
1021 686 1168 754 Verum
1178 709 1224 755 ea
1232 685 1303 756 lin·

291 784 375 903 gula
395 801 552 872 omnino
566 813 639 888 est,
657 821 769 895 quam
783 796 910 870 Celsus
921 797 993 894 (t),
1015 801 1216 898 superiore
1236 829 1302 901 pa-

292 921 379 1019 gina
391 943 412 989 a
424 922 546 1014 Carpo
563 914 748 1004 laudatus,
766 916 816 986 ita
828 913 1094 1013 descripserat:
1111 925 1302 1015 exigzmin

293 1060 423 1136 aspera
436 1040 574 1106 arteria
585 1035 653 1104 sab
665 1039 751 1130 ipsis
749 1033 933 1123 faucibus
950 1033 1093 1130 li'ngala
1108 1051 1165 1106 est
1177 1063 1189 1105 :
1202 1063 1300 1134 quie,

292 1180 376 1227 cam
392 1158 590 1251 spiramus,
611 1148 817 1220 attollitur:
839 1172 922 1220 cum
944 1153 1066 1222 cibum
1079 1160 1301 1249 potionem·

294 1298 366 1372 que
379 1274 608 1354 assumimus,
627 1271 805 1337 arteriam
819 1265 974 1342 claudite
988 1268 1139 1341 Scilicet
1155 1259 1241 1369 ipsa
1252 1287 1304 1344 est

293 1389 470 1484 cartilago
490 1383 697 1482 epiglottis‚
714 1398 757 1454 ut
774 1397 859 1455 ante
875 1407 1016 1481 paucos
1028 1407 1163 1459 versus
1180 1391 1222 1460 in
1236 1391 1304 1462 ista

296 1504 426 1578 eadem
435 1502 571 1601 pagina
580 1501 661 1599 393.
673 1505 816 1598 Carpus
828 1501 1101 1589 ostendit‚haec
1112 1505 1302 1578 scribens:
1407 1495 1408 1514 l

149 1695 154 1717 ,
178 1679 180 1682 .
287 1627 470 1722 proprius
480 1635 602 1690 tamen
611 1617 798 1717 epiglottis
814 1624 857 1689 vi
865 1617 1046 1690 vocabuli
1063 1621 1304 1721 indicat'epi·
1408 1699 1409 1724 p

292 1737 498 1838 glottidem‚
508 1762 594 1834 qnoe
605 1751 659 1806 est
671 1735 943 1832 linguafistttloe
953 1745 1305 1836 suprapositacym-
1408 1771 1409 1778 ¹

296 1856 424 1932 halari
437 1854 674 1951 cartilagini:
691 1853 893 1950 quodcum
908 1857 1044 1952 passim
1057 1870 1141 1928 toto
1153 1858 1305 1956 reliquo

295 1983 341 2050 eo
360 1975 632 2046 commentario
662 1997 707 2067 ²9
732 1970 950 2058 confirmat,
967 1988 1046 2044 tum
1068 1973 1122 2044 ibi
1141 1978 1305 2048 maxime

296 2093 478 2179 declarat,
488 2090 555 2178 ubi
564 2089 625 2187 (α)
634 2089 893 2187 cpiglottidem
903 2089 1207 2188 propriedictam
1221 2093 1305 2165 des-

296 2210 549 2307 cribitfigara
568 2207 704 2304 lingnae
722 2207 914 2295 lznmance,
927 2214 1001 2281 sive
1012 2207 1305 2306 linguaeflstnloe

275 2387 276 2390 η
296 2345 375 2402 arte
393 2326 513 2415 factae,
528 2351 573 2398 eo
591 2339 716 2396 autem
745 2325 838 2413 situ,
851 2340 893 2396 ut
904 2349 974 2396 saa
990 2341 1108 2424 parte
1136 2335 1304 2398 acutiore

297 2445 428 2518 tendat
439 2469 567 2516 versus
576 2449 670 2523 meri
685 2440 746 2539 (id
762 2457 817 2514 est
827 2441 1202 2540 gulam)claadendo
1216 2469 1304 2542 par·

298 2579 370 2635 tem
387 2567 614 2659 superiorem
637 2559 868 2654 cartilaginis
887 2559 1128 2651 cymbalam,
1157 2558 1235 2632 hoc
1253 2574 1305 2632 est

294 2676 547 2775 arytaenoidis‚
561 2679 600 2746 in
615 2678 723 2773 cujus
733 2702 821 2748 mox
833 2677 1088 2774 descriptione
1101 2681 1191 2748 cuni
1208 2677 1304 2750 hanc

298 2794 488 2893 duplicem
506 2818 584 2866 esse
596 2794 836 2878 ostendisset,
855 2794 905 2864 ita
918 2793 979 2890 (3)
993 2793 1159 2891 singulas
1181 2795 1303 2893 laryn·

296 2917 352 3015 gis
365 2914 598 3012 cartilagines
610 2911 787 2983 indicavit
800 2938 808 2980 :
818 2913 929 3008 postl
931 2910 971 2981 id
983 2926 1038 2982 est
1051 2911 1205 3008 praeter)
1220 2919 1305 2984 istas

297 3033 393 3104 dans
411 3029 683 3128 (cymbalares)
701 3026 954 3123 cartilagines,
985 3043 1073 3098 sunt
1099 3027 1193 3100 aliae
1212 3045 1304 3118 tres,
1411 3037 1412 3048 ’

295 3148 606 3248 scilicetclipealis
614 3145 798 3242 cartilago
812 3172 823 3215 .·
841 3160 879 3215 et
886 3144 1068 3241 cartilago
1082 3170 1223 3218 nomen
1230 3169 1305 3218 non

295 3270 459 3341 habens:
477 3264 704 3362 etcartihzgo
717 3264 819 3334 dicto
830 3255 1125 3360 li'nguafistulae:
1135 3289 1211 3360 qua
1226 3267 1306 3363 ipse

297 3386 438 3472 addita,
456 3385 541 3455 loco
558 3385 693 3467 trium,
710 3405 804 3479 quas
822 3396 931 3452 autea
948 3379 1143 3479 ponebant
1158 3383 1305 3468 caeteri,

297 3505 468 3602 quinque
479 3525 558 3573 esse
569 3500 732 3596 laryngis
743 3498 992 3595 cartilagines,
1003 3497 1212 3570 concludit.
1228 3498 1305 3570 Etsi

336 3803 381 3883 (ι)
401 3805 446 3860 De
458 3802 567 3858 Medic.
585 3803 605 3858 1.
620 3809 654 3873 l,
672 3821 697 3860 c.
718 3821 744 3858 1.

336 3902 381 3980 (a)
401 3907 470 3979 Pag.
488 3899 555 3975 396.

337 4001 382 4080 (3)
402 4001 553 4078 Pro397·
604 4085 614 4110 ¹·
725 4052 727 4056 ⁷
