2750 4658
271 435 343 511 216
435 455 481 504 nn
507 425 653 502 anninus
676 452 721 500 rr
746 451 870 501 causis
895 451 1106 503 nonnosum

271 575 485 671 deponens,
499 584 579 641 tum
593 567 753 665 junioris
762 569 927 665 Verneyi
939 567 993 664 (ι)
1005 569 1220 642 observatio
1234 569 1271 639 in
1352 547 1353 567 ἶ

269 690 444 778 asciticis,
462 686 602 784 quibus
619 687 740 758 sinon
755 684 963 756 absimilem
977 685 1180 758 humorem
1195 687 1273 759 chi-

269 832 408 906 rurgus
430 806 724 891 educat,venter
732 802 839 874 brevi
848 803 985 876 iterum
999 820 1270 891 extumescere,

270 943 308 1000 et
331 924 436 996 nulla
462 920 539 994 fere
558 945 642 1019 spes
661 920 743 991 vitae
759 943 838 992 esse
858 919 963 994 solet.
985 920 1176 994 Sednum
1196 921 1272 991 haec

270 1041 499 1127 necessario,
516 1062 562 1108 an
574 1037 823 1109 verisimiliter
837 1035 1018 1109 duntaxat
1030 1037 1204 1110 indicent
1215 1061 1270 1109 eo-

269 1185 355 1234 rum
374 1157 554 1230 ductuum
572 1154 869 1252 disruptionem,
895 1153 1000 1230 haud
1020 1157 1106 1226 satis
1129 1171 1215 1227 tuto
1232 1155 1269 1224 in

247 1277 406 1376 quovis
438 1299 526 1346 casu
549 1273 790 1346 determinari
811 1295 922 1371 posse
949 1296 1084 1345 censeo
1107 1299 1116 1342 ε
1140 1274 1182 1344 in
1199 1271 1269 1343 hoc

271 1409 411 1480 autem,
422 1393 452 1462 si
460 1389 610 1462 illorum
623 1390 783 1460 inanitas
795 1388 1070 1488 disruptionem
1088 1387 1286 1488 significa?

271 1526 350 1600 ret,
376 1525 528 1598 venter,
551 1508 617 1580 uhi
640 1509 771 1580 inanes
798 1523 887 1579 sunt
905 1507 1173 1597 animadversi,
1196 1509 1270 1605 ipse

272 1651 427 1726 quoque
437 1623 565 1708 fuisset
580 1624 822 1724 hydropicus.
838 1630 1020 1696 Caeterum
1030 1649 1115 1696 cum
1131 1623 1269 1723 hydro·

272 1771 322 1844 pe
348 1743 422 1816 hoc
450 1743 633 1831 thoracis,
655 1757 790 1842 praeter
815 1741 939 1816 cordis
959 1742 1268 1840 magnitudinem,

209 1914 213 1922 -
271 1860 475 1961 pericardii
486 1859 667 1959 hydrops,
677 1863 768 1933 utin
781 1860 937 1932 muliere
949 1861 1013 1932 illa
1029 1884 1162 1933 recens
1178 1884 1270 1957 nup·

271 1993 312 2052 ta
330 1979 385 2077 (a)
408 1979 651 2075 conjunctos,
669 1979 708 2049 in
732 1978 940 2076 eademque
958 1978 1189 2077 pulmonum
1208 1977 1270 2048 du·

271 2099 393 2188 rinos,
417 2122 491 2195 qua
517 2121 587 2170 nec
610 2096 727 2169 altera
749 2094 803 2194 (3)
831 2097 988 2168 omnino
1011 2096 1147 2186 caruit,
1168 2095 1272 2191 cujus

272 2233 457 2316 praterea
486 2232 633 2316 septum
658 2232 911 2289 transversum
930 2231 1127 2316 tantopere
1152 2241 1175 2287 a
1189 2213 1271 2290 sub*

273 2334 382 2430 jectis
394 2335 649 2407 visceribusin
666 2333 859 2407 thoracem
876 2333 1093 2432 urgebatur,
1112 2335 1204 2422 haec,
1218 2335 1271 2402 in·

276 2476 410 2549 quam,
429 2453 556 2523 omnia
573 2450 728 2539 facient,
747 2468 789 2525 ut
803 2453 958 2550 opinor,
978 2477 1060 2526 eam
1075 2454 1270 2551 gratiorem

158 2565 159 2570 ’
276 2568 580 2641 ¹observationem
594 2570 641 2642 in
659 2594 735 2667 qua
753 2569 849 2640 nihil
864 2569 966 2642 unde
982 2569 1065 2640 laedi
1080 2569 1270 2668 respiratio

275 2687 460 2786 potuerit,
475 2687 548 2758 nisi
561 2686 724 2760 thoracis
741 2687 928 2786 hydrops,
941 2687 987 2760 de
1002 2713 1079 2785 quo
1092 2690 1271 2787 praecipue
1354 2705 1355 2740 t

278 2804 443 2902 agimus,
468 2820 723 2904 proponatur,
745 2805 850 2877 velut
866 2804 945 2877 haec
967 2805 1037 2877 erit
1053 2830 1169 2904 quam
1192 2803 1271 2880 suh·
1354 2777 1355 2842 3

276 2920 378 3019 jicio.

329 3041 363 3112 8.
380 3046 483 3114 Anus
496 3044 729 3140 septuaginta
738 3065 939 3132 annorum,
952 3039 1153 3114 diffichlter
1167 3044 1272 3148 spirat

279 3183 360 3230 non
377 3159 449 3232 nisi
458 3159 498 3230 in
519 3159 673 3233 dorsum
687 3159 816 3249 cuhat‘,
834 3160 910 3230 levi
923 3161 1015 3233 tussi
1035 3160 1271 3232 catarrhalem

279 3278 476 3348 materiam
493 3278 656 3374 exspuit,
671 3277 834 3349 multum
853 3278 928 3350 sitit
943 3277 1093 3376 :pulsus
1112 3277 1274 3376 aliquan-

284 3391 334 3462 do
352 3394 413 3462 vix
432 3394 658 3493 percipitur:
679 3394 809 3478 dexter
824 3419 891 3493 pes
907 3394 1090 3468 oedemate
1106 3391 1272 3466 nonnihil

282 3523 415 3587 tumet,
438 3514 650 3609 Antequam
669 3513 868 3602 moriatur,
886 3537 956 3612 per
976 3511 1077 3584 horae
1093 3512 1273 3610 quadran·

322 3793 369 3874 (1)
389 3799 479 3855 Mem.
492 3797 529 3856 de
543 3799 655 3857 t'Acad.
669 3801 703 3857 R.
716 3767 767 3859 iles
780 3801 826 3861 Sc.
839 3817 886 3854 an.
904 3795 990 3872 1703·
