2750 4658
123 427 196 502 nra.
224 453 264 500 11.
286 453 340 498 ,na
365 445 502 499 nonme
524 443 723 518 rnonams,
748 443 860 502 n‘rrsr.
887 457 961 503 xvi.
991 433 1057 506 251

53 567 365 640 communicaret.
396 567 597 637 Pulmones
627 565 673 636 ad
705 567 868 664 aliquem
901 583 1063 642 tractrnn

53 687 194 784 pleurae
212 681 364 756 fuerant
376 684 524 772 annexi,
541 700 577 755 et
594 709 669 780 qua
680 677 924 784 diaphragma
935 702 1065 786 tange-

53 803 163 888 bant,
184 803 355 898 gclatina
371 803 475 899 quasi
495 801 658 900 quadam
682 801 847 874 obducti.
874 805 957 896 Qua
980 805 1065 879 abs-

55 936 168 1004 tersa,
195 945 284 990 cum
307 921 585 1017 inspicerentur
609 936 645 990 et
665 935 899 1011 secarentur,
926 925 994 994 etsi
1015 927 1068 994 in-

57 1041 158 1110 venti
174 1057 267 1110 n‘on
282 1054 370 1108 sunt
398 1038 546 1136 egregie
574 1039 790 1128 constituti,
821 1038 916 1110 nihil
941 1054 1066 1112 tamen

60 1153 312 1254 ostenderunt
329 1157 419 1242 vitii,
433 1155 538 1252 quod
549 1180 778 1254 magnopere
796 1156 1068 1228 attendendum

61 1289 171 1376 esset,
191 1289 258 1344 aut
272 1273 377 1370 quod
390 1297 524 1346 recens*
538 1267 657 1346 rideri
677 1291 812 1374 posset.

108 1417 166 1488 ²9·
194 1391 311 1482 Quod
329 1391 375 1462 ad
397 1393 534 1464 vulnus
552 1395 703 1480 attinet,
724 1395 881 1465 omnino
902 1394 1072 1467 credide·
1156 1373 1163 1382 ι

65 1510 132 1580 rim
154 1534 238 1580 non
255 1525 378 1598 recta,
398 1487 463 1581 aeid
486 1509 642 1608 oblique
664 1511 847 1590 inflictum
867 1497 998 1603 fuisse,
1021 1513 1073 1583 la-

65 1642 179 1726 toque
200 1628 361 1726 scapnlae
379 1654 461 1700 osse
474 1645 565 1700 tunc
581 1627 676 1700 forte
692 1630 739 1700 ab
759 1657 801 1701 ca
813 1647 1001 1702 costarum
1016 1657 1074 1704 se·
1121 1651 1123 1655 ·
1144 1706 1146 1710 f

67 1745 122 1835 de,
134 1770 254 1844 quam
272 1771 403 1818 versus
420 1745 558 1834 culter,
571 1771 640 1844 per
654 1748 778 1844 ipsum
790 1749 867 1842 jam
885 1750 1075 1820 transmis-

69 1891 141 1953 sus,
159 1864 364 1964 pergebat,
380 1865 431 1936 sic
444 1865 530 1935 satis
544 1863 710 1936 abducto
721 1891 731 1954 3
744 1865 871 1962 itaque
888 1865 927 1934 in
942 1887 1075 1936 cavum

69 1983 234 2057 thoracis
254 2009 333 2054 non
354 1984 579 2081 pervenisse.
601 1982 713 2074 Quod
731 2006 824 2060 vero
843 1983 889 2054 ad
913 2007 1076 2081 aquam,

73 2101 176 2174 facile
195 2102 310 2197 hujus
327 2102 613 2199 congestionem
629 2117 715 2200 post
728 2118 924 2201 acceptum
940 2101 1079 2173 vulnus

72 2221 236 2316 jacente,
257 2219 421 2316 ideoque
442 2220 582 2291 otiante
602 2219 779 2305 homine,
805 2235 914 2292 antea
935 2220 974 2290 in
993 2218 1080 2290 assi-

77 2337 144 2408 dua
173 2338 439 2409 exercitatione
471 2352 507 2408 et
533 2337 657 2410 calore
683 2353 849 2424 versato,
879 2338 1080 2410 increvisse

76 2459 219 2554 potiuS,
234 2479 349 2553 quam
361 2456 555 2552 incepisse.
572 2459 714 2527 Verum
730 2469 771 2526 ut
783 2469 826 2526 ut
841 2450 972 2542 fuerit3
987 2453 1081 2526 illud

77 2589 176 2646 certe
200 2572 323 2660 vides,
353 2573 446 2644 tanti
468 2571 651 2671 hydropis
675 2574 863 2672 praecipua
888 2574 994 2672 signa
1017 2572 1081 2644 de-·

79 2688 189 2764 luisse
205 2692 352 2778 omnia;
370 2705 411 2760 ut
434 2690 561 2760 mirari
585 2691 711 2762 minus
727 2688 883 2777 debeas,
904 2691 934 2762 si
951 2713 1083 2762 eorum

80 2807 248 2905 quaedam
283 2807 323 2878 in
361 2806 483 2878 tribus
516 2803 703 2878 defuerint
737 2785 1084 2896 observationibus,

80 2953 192 3024 quaa,
216 2941 259 3000 ut
282 2927 403 3026 prima
428 2924 508 3013 illa,
534 2926 711 2995 Bononiae
731 2949 752 2995 a
775 2948 837 2995 me·
862 2924 953 2994 olim
978 2922 1087 2994 habi-

81 3059 153 3136 tas,
174 3047 358 3116 continuo
373 3044 592 3142 producam.

130 3163 191 3234 30.
220 3162 532 3235 Adolescentulus
549 3159 655 3232 nulla
665 3157 879 3246 manifesta,
899 3179 1014 3254 quam
1027 3179 1089 3228 ac-

84 3303 213 3352 cusare
228 3291 369 3379 posset,
381 3305 504 3369 causa,
519 3282 560 3351 in
574 3275 834 3349 difficultatem
851 3275 1020 3374 apirandi
1031 3277 1089 3344 in·

85 3396 227 3469 ciderat
244 3413 330 3470 ante
348 3397 463 3471 finem
481 3397 571 3468 anni
596 3400 698 3494 1704.
720 3394 779 3466 Ob
797 3395 897 3465 hanc
915 3395 955 3464 in
977 3419 1090 3466 noso-

86 3517 253 3586 comium
278 3519 310 3586 S.
330 3517 455 3586 Mariae
481 3514 528 3586 de
548 3519 671 3585 Morte
691 3505 885 3610 exceptus,
900 3527 1035 3612 ‘postca
1055 3521 1091 3584 et

87 3633 284 3730 pluribus,
302 3636 491 3732 variisque
512 3632 705 3721 remediis,
734 3631 802 3703 sed
814 3629 967 3720 frustra,
984 3645 1093 3706 cura*

89 3765 148 3823 tus
174 3767 238 3823 est.
257 3757 310 3824 Ex
330 3755 375 3840 iic
388 3755 483 3841 scio,
500 3772 603 3826 venae
621 3749 828 3824 sectionem
846 3752 961 3824 semel
980 3765 1093 3846 atque

90 3868 226 3938 iterum
239 3870 475 3968 imperatam3
487 3871 601 3942 semel
611 3893 690 3942 esse
703 3885 817 3968 atque
826 3871 964 3941 iterum
978 3868 1095 3935 visam

91 3985 212 4056 statim
223 3986 377 4084 quidem
394 4011 477 4060 cam
487 3985 747 4060 difficultatem
761 3985 938 4059 nonnihil
950 3984 1096 4054 minue·
