2832 4662
196 455 332 504 tmen.
360 455 406 502 ne
432 451 933 520 uonr1sruonac1s,ertsr.
960 458 1018 504 xx.
1048 416 1118 507 585

110 571 225 660 solet,
245 581 427 642 tamenet
444 568 594 668 sanguis
612 569 653 639 in
670 594 713 640 ea
731 568 826 641 solet
848 567 1015 668 plurimo
1032 597 1117 644 sero

103 689 302 761 'abundare
313 711 325 777 ,·
337 702 374 760 et
387 685 461 758 hoc
474 684 580 758 facile
596 685 660 758 hic
676 686 753 759 illic
768 687 969 786 deponere.
985 694 1118 788 Itaque

109 809 139 880 si
159 809 199 877 in
218 805 277 878 his
294 804 449 878 duobus
469 805 674 895 existimes,
687 835 690 840 ¹
705 807 778 879 seri
793 820 939 905 partem
963 809 1003 878 in
1028 808 1118 879 tho-

108 949 194 996 race
212 938 321 996 antea
345 939 553 1020 stagnasse,
579 923 872 1020 quammorbus
893 927 1119 1000 novissimus

106 1026 292 1140 reliq‘uam
321 1039 495 1130 adderet,
524 1038 631 1114 facile
656 1043 846 1116 assentiar.
869 1047 946 1114 Nec
970 1045 1010 1114 in
1030 1069 1117 1117 sene

106 1175 233 1232 tamen
251 1159 351 1232 idem
369 1161 613 1258 pertinaciter
628 1161 796 1259 negabo,
815 1184 900 1234 cum
914 1186 1119 1261 praegressa

105 1279 299 1376 potuerint
316 1275 366 1348 ob
383 1277 423 1348 id
443 1302 598 1376 quoque
612 1278 789 1350 Valsalvae
807 1303 886 1354 esse
904 1281 1118 1380 incognita,

106 1395 210 1494 quod
238 1395 420 1493 decrepiti
448 1420 514 1466 sua
538 1394 719 1493 pleraque
743 1397 987 1488 incommoda
1022 1400 1122 1484 aetati,

104 1516 232 1612 potius
257 1511 549 1609 quam-morbo,
576 1510 790 1584 adscribere
810 1513 973 1606 soleant,
994 1543 1116 1616 eoque

105 1631 317 1730 negligere:
335 1629 475 1699 mirum
494 1643 619 1700 autem
635 1628 825 1720 videatur,
841 1646 988 1725 ¹tantam
1012 1659 1116 1732 aquae

105 1749 252 1856 copiam
270 1746 385 1818 tridui
403 1747 523 1845 spatio
542 1746 582 1816 in
599 1745 755 1818 thorace
773 1749 940 1840 acervari
959 1774 1115 1822 omnem

104 1867 281 1965 potuisse.
311 1863 498 1936 Caeterum
519 1887 606 1935 eave
635 1864 890 1964 credas'quod
921 1867 961 1936 in
994 1867 1115 1941 tribus

104 1982 206 2056 hisce
224 2007 303 2054 non
321 1977 507 2071 diffiteor,
534 1982 575 2052 in
594 1981 752 2080 reliquis
769 1985 1115 2082 peripneumonicis

94 2090 244 2198 ¹quibus
257 2101 296 2169 in
311 2099 465 2170 thorace
482 2123 608 2194 serum
625 2099 675 2191 sit¹
687 2096 874 2190 effusum,
892 2100 1020 2173 locum
1042 2102 1111 2201 ha·

102 2216 206 2290 bere.
222 2219 317 2290 Nam
334 2232 372 2288 et
388 2217 578 2302 Coiterus‚
596 2232 640 2288 ut
657 2216 746 2291 alias
761 2217 816 2316 (1)
841 2219 887 2290 ad
906 2235 943 2292 te
966 2221 1114 2319 scripsi3

103 2334 205 2404 inter
227 2332 383 2406 morbos
409 2359 503 2432 quos
516 2340 681 2433 pectoris
705 2335 872 2436 hydrops
896 2343 1112 2427 comitatur,

105 2473 184 2522 esse
209 2451 471 2523 animadvertit
489 2457 839 2550 perspecumonias,
855 2468 891 2525 et
910 2455 950 2526 in
973 2458 1113 2530 nostris

106 2591 275 2664 quoque,
292 2583 329 2640 et
336 2568 513 2642 Valsalvae
522 2567 848 2643 observationibus
859 2583 916 2644 tot
929 2574 1112 2672 reperies,

102 2684 142 2754 in
161 2684 300 2782 quibus
312 2701 472 2784 uterque
483 2687 639 2760 morbus
651 2688 876 2782 conjunctus
886 2704 960 2780 est,
977 2705 1019 2762 ut
1032 2694 1112 2763 veri

102 2802 221 2877 simile
238 2826 317 2872 non
337 2803 404 2891 sit,
420 2827 485 2875 eos
504 2827 637 2907 omnes
655 2821 765 2876 antea
784 2804 970 2897 thorneie,
989 2823 1027 2879 et
1042 2833 1109 2906 pe-

100 2916 253 2988 ricardii
268 2917 442 3015 hydrope
457 2919 567 3015 (nam
581 2920 644 2990 hic
659 2945 814 3018 quoque
830 2947 925 3020 saepe
938 2923 1110 3023 adjungi-

101 3034 187 3132 tur)
205 3034 403 3106 laborasse.
422 3036 524 3124 Quin
541 3038 745 3134 plerosque
762 3061 912 3127 eorum,
930 3061 1016 3110 cum
1030 3043 1110 3138 pul·
1179 3073 1184 3080 ·

100 3153 226 3224 monis
251 3147 543 3225 inflammatione
573 3156 738 3253 correpti
765 3170 872 3245 sunt,
895 3158 1110 3232 sanissimos
1197 3203 1198 3208 =

101 3267 213 3342 fuisse
224 3284 389 3359 constat,
402 3285 445 3342 ut
461 3295 548 3343 cum
561 3273 711 3370 egregio
719 3272 855 3371 aliquis
870 3272 1050 3364 habitu,a
1062 3277 1109 3349 la·

99 3385 193 3459 hore
209 3387 352 3478 calens,
378 3389 455 3459 aeri
470 3413 508 3462 se
524 3387 728 3488 perfrigido
746 3394 928 3489 exposuit.
946 3393 1058 3482 Quod
1076 3397 1107 3467 si

98 3504 187 3576 huic
197 3503 287 3576 inde
300 3519 337 3576 et
349 3508 540 3606 sanguinis
554 3532 624 3606 per
640 3508 866 3607 pulmonum
874 3511 1023 3582 vascula
1034 3513 1106 3584 cir·
1167 3535 1169 3542 ’

100 3625 255 3697 cumitio
269 3624 499 3717 retardetur,
519 3625 750 3700 ethumoris'
762 3652 807 3700 ex
817 3629 949 3701 intima
966 3652 1104 3727 asperae
1144 3649 1145 3653 ’

137 3999 181 4080 (1)
200 4003 293 4084 Epist.
312 4005 366 4079 36,
380 3971 474 4065 nss33.
544 4097 546 4102 Ι
