2750 4658
134 449 204 496 nm.
233 447 273 496 11.
302 445 347 496 nn
373 447 509 499 aronam
534 423 727 517 rnoaicrs,
753 453 864 504 arisr.
890 455 966 505 xv1.
999 433 1069 510 265

57 577 243 661 tum'q'uae
257 565 296 634 in
311 565 544 662 Aphorismis
559 567 615 662 (r)
628 567 826 665 leguntur,
846 595 928 642 non
942 587 997 644 est
1010 598 1070 644 re-

56 680 267 753 ticendum.
289 683 487 778 Hymenis,
501 697 612 780 atque
631 685 728 786 uteri
753 710 897 758 summa
914 677 995 760 erat
1013 690 1070 760 in-

56 801 235 904 tegritas:
255 799 369 895 hujus
392 816 516 871 autem
538 801 673 874 cavitas
690 803 793 874 lento
810 806 976 902 quodam
998 805 1069 878 hu·
1093 885 1096 896 ‚

56 939 168 986 more
189 914 501 1014 ‘scatebat,‘aquae
520 919 631 988 simili
655 921 693 988 in
728 922 804 1017 qud
826 947 913 994 caro
939 949 1071 998 recens

58 1033 140 1104 lota
158 1048 225 1106 est.
240 1035 325 1124 Quo
337 1034 507 1120 deterso,
524 1061 568 1106 ex
582 1035 703 1106 media
716 1040 951 1134 potissimum
963 1039 1072 1113 fundi

59 1152 204 1223 uterini
222 1149 314 1223 facie
331 1151 455 1248 digitis
482 1153 612 1225 subtus
636 1157 843 1252 oppressis,
868 1159 1072 1256 sanguinea

61 1271 172 1365 quasi
191 1284 331 1367 puncta
348 1270 574 1368 prodibant,
598 1298 701 1369 quae,
725 1276 919 1370 pressione
934 1277 1073 1348 nonni-

60 1369 116 1457 hil
132 1403 261 1474 aucta,
275 1389 427 1485 guttulae
441 1391 631 1487 sanguinis
646 1388 803 1462 fiebant:
819 1395 1072 1490 sanguinearu-

63 1519 141 1576 tem
164 1501 313 1576 infarcti
336 1507 472 1604 passim
499 1532 568 1604 per
593 1507 837 1580 substantiam
859 1513 959 1580 uteri
981 1514 1075 1583 certi

64 1623 173 1719 quasi
193 1623 297 1694 sinus
323 1623 570 1714 videbantur3
595 1639 637 1694 ut
664 1626 815 1695 minime
841 1625 1073 1716 dubitarem,

65 1741 163 1837 quin
189 1743 294 1838 signa
312 1740 390 1812 haec
415 1756 537 1812 essent
558 1742 741 1810 menstrui
758 1743 968 1838 sanguinis,
985 1769 1075 1816 mox

66 1857 158 1928 huic
177 1859 332 1956 virgini,
356 1859 386 1930 si
407 1857 520 1954 paulo
544 1855 683 1927 diutius
702 1858 869 1945 vixisset,
892 1861 1072 1955 erupturi.

66 1977 232 2048 Pectoris
242 1974 688 2072 sectionemaggredienti
695 1974 836 2072 placuit
846 1976 1073 2049 sororiantes

66 2116 249 2164 mammas
274 2091 461 2176 incidere,
481 2091 583 2189 quod
604 2090 694 2162 dum
715 2088 894 2180 facerem,
916 2092 1078 2166 miratus

68 2233 150 2281 sum
160 2263 169 2297 ,
181 2235 259 2280 non
271 2235 350 2281 uno
365 2235 410 2281 ex
420 2212 504 2281 loco
516 2235 604 2296 ,nec
615 2209 956 2304 sineejaculatione
966 2212 1075 2307 quasi

69 2327 232 2424 quadam
246 2383 255 2414 ,
269 2328 325 2400 lac
341 2353 599 2426 prorumpere.
616 2331 706 2398 Mox
720 2326 766 2398 ad
781 2315 943 2426 primam
964 2329 1076 2400 cultri

69 2445 107 2514 in
122 2446 566 2544 costarumcartilagines
580 2445 752 2517 altiorem
773 2445 1077 2544 impressionem,
1129 2493 1131 2498 -

69 2562 297 2634 subcterulea
308 2587 411 2660 ,qua
426 2563 561 2634 thorax
579 2565 702 2635 omnis
712 2562 961 2662 implebatur,
979 2589 1076 2662 aqua

70 2681 205 2778 erupit.
225 2681 308 2769 Qua
331 2680 523 2766 exhausta,
541 2680 765 2778 pulmonem
795 2680 951 2777 quidem
971 2682 1076 2754 sinis-

71 2810 171 2867 trum
181 2797 309 2868 inveni
319 2796 444 2893 aliqua
455 2797 866 2897 duntaxatposterioris
877 2796 985 2870 faciei
996 2823 1077 2897 par·

71 2928 120 2988 te.
142 2913 341 2986 dexterum
354 2931 477 2986 autem
496 2930 572 2986 tota
590 2917 862 3014 etposteriore',
881 2931 918 2988 et
930 2916 1074 2988 laterali

71 3029 161 3102 facie
172 3057 259 3103 cum
274 3033 405 3131 pleura
419 3035 622 3106 arctissime
638 3031 899 3104 cohaerentem.
909 3035 1076 3103 Pericar-

73 3151 178 3222 dium
195 3174 348 3248 quoque
364 3167 539 3250 congesta
558 3175 656 3248 aqua
669 3150 764 3221 adeo
780 3148 1076 3238 distendebatur,

73 3270 345 3368 utpriusquam
357 3269 582 3356 inciderem,
595 3266 810 3366 praedurum
821 3281 941 3357 tactu,
954 3267 1075 3340 multo

74 3389 279 3488 maximum
295 3411 361 3458 cor
377 3388 610 3458 mentiretur.
632 3392 711 3457 Hoc
725 3409 815 3456 vero
829 3384 929 3482 justa
942 3387 1076 3460 inven-

74 3518 154 3575 tum
164 3519 228 3576 est
245 3504 519 3602 magnitudine,
539 3504 635 3576 nibil
651 3501 767 3576 ferme
783 3505 991 3602 sanguinis,
1011 3504 1076 3576 sed

75 3621 1077 3721 concretionespolyposascontinensventriculoutro-

116 3989 159 4069 (ι)
180 3993 257 4050 Sect.
277 3991 311 4063 5,
328 3991 404 4069 Aph.
425 3995 471 4069 39.
