2648 4508
198 346 269 436 246
363 367 410 412 oa
437 361 583 410 sautans
608 361 652 408 ar
678 360 802 407 causis
827 353 1037 410 nonnosum

197 484 277 558 titia
296 478 432 567 multa,
450 491 487 548 et
511 475 581 545 alia
598 475 724 571 aliqua
747 488 880 544 eorum
905 476 1041 548 similia
1062 500 1148 575 quae
1169 481 1210 551 iu

197 620 318 700 puero
335 597 461 694 primo
474 620 482 661 ε
495 607 532 663 et
553 615 641 663 sane
666 592 765 662 inter
783 591 889 662 initia
908 593 1155 667 adnotaverat
1170 597 1211 668 in

197 741 318 817 puero
337 713 413 784 hoc
431 709 599 785 secundo
612 708 744 796 faciem
759 709 1029 807 subpallidam,
1044 729 1214 786 extrema

197 833 370 936 corporis
390 832 470 902 sine
492 829 633 916 calore,
648 853 728 897 non
744 852 900 926 prorsus
916 828 1075 900 liberam
1092 835 1214 932 respi-

198 951 401 1038 rationem,
412 948 619 1046 praesertim
641 970 728 1016 cum
743 946 859 1039 scalas
877 945 1214 1047 ascenderetgpul·

201 1090 284 1144 sum
302 1083 428 1141 autem
447 1065 554 1136 valde
572 1064 746 1153 mollem,
766 1078 803 1135 et
824 1064 937 1136 nimis
959 1061 1213 1162 frequentem.

199 1190 291 1279 Quae
302 1185 446 1272 omnia,
466 1209 486 1254 a
507 1207 567 1253 me
582 1177 680 1267 infra
696 1179 988 1272 consideranda,
1003 1197 1046 1252 tu
1060 1183 1215 1254 interim

203 1307 235 1377 si
251 1326 339 1373 cum
355 1302 498 1372 ‘Gratzii
512 1299 584 1398 (ι),
604 1315 640 1371 et
658 1301 857 1370 Reimanni
877 1299 932 1397 (a)
951 1300 1065 1398 signis
1084 1299 1216 1374 conse-

203 1445 283 1509 ras;
302 1446 384 1518 quae
410 1419 642 1516 discrepent,
672 1443 753 1515 qnae
778 1418 831 1489 sic
856 1419 943 1490 satis
963 1406 1099 1490 similia
1120 1421 1216 1510 sint,

205 1564 288 1636 quae
308 1537 473 1634 denique
491 1536 643 1625 eadem,
661 1537 847 1607 continuo
861 1536 1059 1634 intelliges.

256 1654 312 1728 25.
331 1657 499 1727 Forsitan
517 1655 578 1724 hic
593 1656 803 1752 quaeres,in
815 1638 983 1725 secundo
1002 1680 1123 1751 puero
1135 1680 1219 1754 quaa

205 1790 303 1847 notae
318 1773 543 1844 adduxerint
558 1773 822 1844 Vieussenium
836 1772 883 1843 ad
900 1772 1064 1844 thoracis
1075 1773 1220 1870 hydro-

206 1918 294 1991 pem
305 1907 440 1990 praeter
457 1891 658 1989 pericardii
675 1890 887 1988 hydropem
908 1914 1220 1988 praecognoscen-

208 2010 311 2082 dum.
323 2011 511 2099 Quoniam
519 2033 614 2105 puer
624 2033 735 2079 crura
744 2006 908 2080 hahebat
921 2008 1076 2096 tumida,
1085 2008 1222 2080 humili

199 2137 331 2199 'autem
344 2129 463 2225 capite
483 2126 621 2198 cubare
634 2152 713 2197 non
728 2141 891 2224 poterat,
905 2141 942 2196 et
954 2128 1105 2223 quoties
1124 2152 1165 2200 se
1183 2129 1221 2197 in

209 2245 304 2316 latus
312 2259 549 2316 converteret
557 2244 899 2332 dexterum,multo
907 2242 1098 2319 difficilius
1107 2247 1222 2344 spira-

200 2361 295 2450 ,bat;
317 2362 367 2433 ob
386 2362 464 2432 haec
480 2363 620 2459 inquit,
637 2361 801 2451 credidi,
820 2364 860 2432 in
885 2364 1042 2436 sinistro·
1059 2362 1224 2435 thoracis

214 2506 305 2552 cavo
317 2505 395 2552 esse
409 2504 546 2578 aquam
558 2477 735 2552 effusam:
751 2495 787 2551 et
806 2507 894 2553 sane
912 2480 1003 2552 illud
1018 2460 1225 2552 totnmim-

215 2598 318 2696 plere
331 2615 524 2696 comperta
535 2615 601 2670 est.
617 2601 704 2671 Noli
714 2615 841 2670 autem
850 2601 997 2688 mirari,
1009 2599 1164 2696 qu'od'in
1173 2601 1226 2669 vi-

215 2741 277 2803 r0,
288 2741 402 2811 quem
417 2717 699 2814 pariterhumili
709 2718 830 2815 capite
837 2718 1047 2812 jacerenon
1058 2718 1227 2814 potuisse
1241 2777 1245 2785 ,

217 2832 309 2916 dixit
325 2834 400 2929 (3),
418 2834 565 2924 nullus,
585 2837 656 2907 nisi
676 2835 893 2933 pericardii,
910 2834 1082 2932 hydrops
1098 2833 1226 2922 suoru,

217 2947 286 3032 fuit
297 2952 397 3021 enim
407 2952 468 3023 hic
474 2970 608 3051 praeter
616 2977 768 3023 omnem
777 2952 1087 3042 modumtantus,
1101 2969 1143 3025 ut
1152 2977 1229 3024 ont·

217 3092 284 3139 nes
303 3071 583 3167 propemodum
594 3070 794 3167 pulmones
815 3071 1020 3143 distentum
1033 3069 1230 3170 obtegeret

217 3186 472 3283 pericardium
485 3216 491 3256 :
504 3204 682 3285 praterea
698 3187 846 3259 illaduo
860 3190 930 3260 alia
939 3189 1096 3260 deerant
1107 3192 1227 3286 signa:

220 3303 384 3402 denique
405 3304 587 3401 hydropis
607 3330 762 3403 quoque
780 3305 945 3379 thoracis
967 3306 1109 3378 indicia
1128 3307 1231 3377 nulla

222 3422 410 3495 suntadeo
418 3421 637 3518 peculiaria,
654 3431 787 3496 utnon
800 3424 1005 3523 aliquando
1025 3425 1164 3496 medici
1173 3422 1230 3494 vel
