2750 4658
298 457 368 530 270
459 455 507 502 or
533 455 679 512 uorsus
703 453 748 504 rr
772 453 898 506 crosis
921 455 1132 507 noseorum

297 573 425 646 morbi
439 575 618 664 notam‚si
627 574 824 665 extitisset,
836 578 1121 674 pretermittere
1136 577 1286 676 potuisse

295 714 375 762 non
387 690 573 763 videntur.
589 691 690 782 Quin
707 690 843 766 diserte
862 717 884 764 a
902 691 1131 791 quibusdam
1146 694 1286 767 adnote-
1353 683 1354 708 ἦ

295 823 377 881 turn
385 806 541 897 videbis,
549 807 650 880 illam
663 806 834 882 defuisse.
845 812 903 882 Sic
912 813 951 881 in
965 835 1007 883 ea
1018 813 1186 911 virgine,
1201 814 1286 886 sicin

296 927 514 1000 Polorroillo
530 941 827 1027 senatore,quos
840 927 1289 1026 supra(r)memoravi,ut

296 1043 390 1119 alios
406 1065 509 1116 nunc
530 1044 718 1133 omittam,
743 1067 830 1116 curn
848 1067 892 1116 ea
908 1048 1014 1143 aqdae
1029 1049 1141 1144 copia
1160 1049 1202 1118 in
1216 1045 1288 1119 tho·
1354 1129 1355 1136 ἵ

296 1183 382 1234 rece
395 1175 510 1247 esset,
531 1161 695 1249 nullam,
709 1159 811 1233 dum·
820 1163 1009 1251 virerent,
1027 1159 1141 1236 fuisse
1149 1163 1290 1236 fluetus·
1355 1203 1356 1206 π

296 1280 462 1366 tionem,
484 1278 524 1348 in
543 1299 676 1349 eorum
700 1277 870 1351 historiis
888 1277 1002 1376 leges.
1019 1283 1098 1354 Nec
1116 1305 1210 1351 vero
1226 1303 1290 1351 cre-

298 1394 479 1484 diderim,
497 1383 678 1493 suspicari
698 1407 735 1468 te
753 1419 880 1494 pesse,
903 1395 944 1466 in
973 1394 1032 1467 his
1054 1395 1207 1494 illisque
1225 1421 1291 1468 orn·

298 1511 512 1586 nibustune
529 1512 682 1585 demum
698 1515 738 1585 in
745 1513 944 1613 thoracem
964 1511 1135 1600 effusam,
1148 1529 1214 1586 aut
1223 1515 1291 1614 plu-

298 1631 438 1702 rimum
458 1645 604 1703 auctam
613 1628 726 1704 fuisse
734 1653 991 1728 aquam,cum
1000 1645 1249 1704 morerentur.
1257 1635 1291 1701 ln

297 1747 451 1820 illorum
472 1749 572 1820 enim
590 1729 782 1847 plerisq'ue
794 1745 934 1820 indicia
947 1748 1073 1845 aliqua
1087 1771 1171 1820 non
1185 1745 1292 1820 dedse-

298 1881 384 1938 rant
395 1881 619 1964 aquaeantea
632 1863 780 1940 effuse:
798 1879 834 1937 et
846 1867 877 1938 si
891 1863 938 1938 de
950 1863 1103 1938 duobus
1115 1869 1288 1965 praecipue

300 2007 399 2083 quos
414 1983 532 2058 modo
551 1983 800 2058 indicavimus
815 1999 945 2082 sermo,
959 1985 1023 2073 sit3
1036 1985 1079 2055 in
1094 1975 1239 2084 virgine
1253 1983 1289 2054 de

301 2127 377 2202 qua
395 2103 633 2201 potissimum
649 2101 904 2201 suspicionem
917 2101 1025 2174 istam
1043 2101 1145 2202 apud
1163 2101 1291 2200 aliquos

300 2217 433 2291 videor
457 2219 610 2318 legisse,
629 2218 744 2316 *quod
769 2217 923 2290 tandem
949 2239 1075 2316 aquae,
1099 2217 1291 2316 praesertim

301 2337 459 2426 virosee,
480 2350 758 2434 augmentuma
774 2349 898 2408 morte
916 2348 1086 2434 repetes,
1117 2359 1207 2409 oum
1219 2333 1293 2434 pla·

303 2455 403 2542 cide,
422 2468 461 2525 et
474 2460 554 2524 sine
568 2479 691 2550 agone
701 2453 956 2554 expiraverit-1²
974 2454 1094 2526 autin
1113 2469 1293 2537 senatore,

304 2571 372 2668 qui
389 2595 476 2641 cum
490 2576 647 2642 omnino
663 2573 755 2644 bene
770 2595 809 2643 se
821 2572 1154 2646 tunottaterestbt
1169 2569 1294 2645 videre

305 2703 381 2776 tur,
403 2687 554 2778 ludens,
570 2689 719 2761 stimulo
738 2703 890 2762 naturae
906 2688 1032 2764 alvum
1050 2690 1294 2790 depositurus,

304 2817 343 2878 et
358 2805 490 2878 sellam
507 2805 653 2898 odiens,
666 2791 789 2880 subita
803 2821 925 2881 morte
942 2813 1129 2880 extinctus
1140 2807 1297 2880 estPNor

303 2937 361 2997 est
377 2924 495 3022 igitur
517 2922 633 3022 hujus
651 2924 778 2997 morbi
802 2927 951 3025 signum
977 2937 1205 3026 perpetuum
1223 2921 1296 2994 ssuc-

302 3041 424 3114 tuatio
439 3041 487 3114 ab
506 3044 612 3141 aegris
623 3055 825 3143 percepta,
843 3043 986 3116 nedum
1005 3042 1053 3114 ab
1071 3043 1163 3114 aliis«
1174 3039 1295 3113 audita.

304 3158 378 3230 Sed
394 3183 538 3258 neque,
553 3175 596 3233 ut
613 3159 804 3249 dicebam,
820 3185 900 3236 esse
917 3175 1146 3263 perpetuum
1168 3167 1297 3258 potest;

303 3291 349 3347 ut
357 3277 393 3352 si
408 3297 507 3375 aquo
526 3278 591 3366 sit,
604 3279 849 3375 quodetiam,
865 3291 1000 3378 prester
1010 3276 1204 3350 laudatum
1218 3277 1297 3345 Fan·

304 3406 440 3466 tonum
455 3394 529 3492 (α),
547 3396 611 3468 alii
623 3411 875 3486 monuerunt,
887 3411 953 3470 aut
970 3396 1128 3469 omnino
1147 3415 1298 3494 perpru-

305 3533 366 3597 oa,
383 3526 448 3583 aut
461 3525 564 3584 tanta
579 3515 698 3612 copia,
714 3528 756 3586 ut
767 3514 961 3586 thoracem
972 3537 1130 3613 prorsus
1144 3511 1294 3609 impleat.

305 3630 400 3702 Nam
420 3644 457 3700 et
472 3631 602 3725 quibus
620 3638 854 3731 suppuratis,
873 3631 963 3704 dum
981 3636 1293 3714 concutiuntur,...

310 3803 1287 3838 ...-.............................................-

343 3913 388 3990 (ι)
407 3914 445 3970 N.
468 3931 500 3969 11
520 3923 550 3969 et
567 3932 614 3985 ²7·
652 3945 656 3952 ·

344 4009 389 4090 (α)
410 4009 509 4073 Schol.
523 4013 562 4072 ad
573 4011 623 4071 eit.
641 4014 704 4072 obs.
721 4033 768 4092 29.
877 4074 881 4086 ,
