2820 4662
151 467 219 518 nm
247 465 289 515 ιι.
316 467 363 514 nr
386 463 524 513 nouem
548 459 747 529 rnorscrs,
769 463 883 513 ¹rrusr.
907 465 983 514 xrx.
1011 444 1079 533 461

131 605 187 654 20.
215 582 325 654 Penis
352 579 579 652 erectionem
607 579 646 654 in
673 577 934 664 cadaveribus,
959 584 1084 654 aestivo

80 712 249 796 tempore
266 694 315 769 ad
334 689 573 794 putredinem
599 695 862 794 vergentibus,
890 698 1084 794 quomodo

81 815 283 914 explicaret
293 813 504 910 Ruyschius
517 811 593 909 (ι),
612 814 723 883 nosti.
740 813 811 884 Sed
831 815 1015 911 propositi
1028 815 1087 910 ju·

80 933 185 1004 venis
202 930 360 1002 cadaver
375 945 467 1002 tuuc
490 954 510 1000 a
534 929 735 1027 putredine
759 932 919 1004 maxime
936 931 1085 1024 aberat,

80 1073 149 1122 nec
163 1049 259 1120 alias
274 1046 437 1121 habebat
453 1046 597 1119 inflatas
612 1064 754 1147 partes,
769 1064 806 1122 et
825 1047 1085 1148 frigidissima,

80 1182 122 1240 ut
140 1167 321 1254 diximus,
346 1179 546 1264 tempestas
568 1180 657 1236 erat.
676 1166 812 1238 Paulus
829 1167 1085 1268 Zacchias(2)

79 1284 180 1356 idem
196 1283 300 1381 quod
316 1285 356 1354 in
373 1283 447 1354 hoc
461 1338 470 1372 ,
482 1284 523 1353 in
543 1281 624 1354 aliis
639 1283 749 1354 etium
765 1287 953 1383 suspensis
963 1285 1084 1359 adno-

80 1415 202 1474 tatum
222 1424 301 1474 esse
313 1400 543 1498 aliquando,
559 1399 909 1488 scribens,‘causam
930 1403 1037 1478 affert
1050 1410 1086 1480 ei

79 1545 157 1614 quo
175 1517 385 1604 scrihebat,
402 1518 565 1615 tempori
582 1511 880 1590 convenientem.
892 1525 1084 1598 Lancisius

79 1650 207 1708 autem
230 1634 284 1730 (3)
302 1632 469 1728 ejusdem
492 1633 546 1703 rei
567 1656 715 1703 causam
733 1635 773 1703 in
800 1658 845 1705 eo
869 1636 1086 1732 prolaturus

80 1778 216 1852 quem,
232 1752 369 1850 praevio
384 1747 606 1822 suffocativo
619 1750 812 1838 anhelitu,
827 1752 992 1824 universi
1007 1779 1087 1825 cor-

77 1873 185 1969 poris
200 1868 395 1941 convulsio
410 1867 617 1956 occiderat,
634 1868 745 1939 simul
758 1865 917 1940 affirmat
929 1869 1087 1968 (ulper-

77 2002 307 2059 severontem
310 2000 406 2085 post
418 2000 574 2056 mortem
583 1990 696 2084 penis
720 1992 922 2058 tensionem
938 2010 1027 2062 raro
1048 1994 1087 2060 ιἰι

77 2103 326 2201 strangulatis
345 2125 422 2173 non
443 2107 598 2173 inveniri
603 2157 614 2190 ,
635 2100 842 2199 docetque,
859 2127 938 2176 esse
958 2131 978 2176 a
996 2131 1087 2178 con·

77 2220 198 2294 vulsis
224 2217 352 2307 fibris,
373 2218 537 2290 reditum
558 2219 749 2317 sanguinis
770 2243 840 2318 per
866 2222 958 2295 colis
975 2246 1089 2299 venas
1117 2229 1119 2234 ‘

76 2334 420 2433 intercipientibus.
436 2338 558 2426 Quam
574 2337 607 2409 si
620 2336 711 2408 velis
730 2339 953 2410 senteutiam
967 2343 1086 2438 sequi,

76 2454 227 2552 quippe
242 2439 511 2526 convulsiones
521 2443 561 2528 i'n
578 2455 817 2552 strangulatis
830 2456 889 2528 vel
902 2437 947 2529 ex
957 2483 1000 2530 ea
1010 2460 1087 2534 oris

76 2570 304 2643 distortione
320 2567 426 2641 facile
439 2594 665 2670 agnoscens,
675 2597 787 2670 quam
803 2597 917 2672 supra
933 2575 989 2674 (5)
999 2602 1087 2652 cum

76 2687 251 2761 Valsalva
262 2683 545 2778 adnotavimus3
564 2687 661 2762 adde
679 2692 827 2789 copiam
840 2694 1032 2792 sanguinis
1044 2696 1086 2768 in

81 2804 255 2904 suspensi
274 2825 435 2903 corpore
449 2803 625 2878 deorsum
641 2804 819 2897 labentis,
834 2833 953 2906 eoque
968 2813 1085 2908 majo·

77 2945 161 2994 rem
172 2975 182 3010 ,
195 2920 301 3019 quod
312 2921 454 2992 ultimis
463 2922 589 2994 cordis
599 2923 877 3020 pulsationibus
884 2941 989 2998 tanto
1001 2929 1085 3024 plus

79 3039 276 3136 sanguinis
283 3039 323 3110 in
333 3037 485 3110 arterias
493 3035 690 3111 interiores
704 3039 930 3129 immittitur,
940 3059 1085 3138 quanto

79 3158 208 3228 minus
233 3155 283 3228 ob
301 3154 556 3230 'constrictum
583 3155 721 3255 laqueo
747 3157 887 3229 collum
911 3162 1087 3233 contrudi

80 3287 206 3372 potest
225 3272 265 3344 in
292 3273 514 3374 superiores.
540 3271 650 3346 Unde
675 3271 782 3346 facile
808 3273 901 3346 illud
931 3300 1085 3376 quoque

812 3488 1082 3507 m

119 3623 167 3704 (1)
188 3625 277 3682 Thes.
289 3626 378 3682 Διιιι.
394 3641 447 3695 ιο,
465 3642 496 3680 ιι.
509 3621 559 3700 95.

122 3722 168 3803 (ι)
189 3726 298 3807 Ωιιιιιι.
311 3722 391 3781 Med
403 3725 502 3800 Legal.
516 3726 539 3781 l.
555 3721 589 3795 5,
602 3723 649 3780 tit.
663 3741 699 3799 ι,
714 3743 766 3803 qu.
782 3740 834 3799 ιι,
847 3743 877 3784 n.
889 3722 917 3784 5.

121 3821 168 3901 (3)
181 3823 234 3882 De
246 3822 345 3881 Subit.
361 3825 453 3880 Mort.
469 3824 534 3884 obs.
547 3807 613 3882 hur.
626 3831 655 3893 4.

123 3919 170 4000 (l)
190 3922 466 3986 1bid.inSchol.n.
480 3923 509 3984 8.

125 4017 171 4098 (5)
187 4020 230 4078 Ν.
249 4019 277 4076 3.
