2820 4662
149 437 217 488 ua.
245 436 286 486 11.
313 437 360 484 nn
383 431 521 486 :nonnis
544 434 744 504 rnonnom,
766 437 878 488 nrrsr.
904 439 978 488 xrx.
1006 397 1090 508 illlr¹

82 538 337 648 lincurtius(1)
348 551 603 648 apoplexiam,
620 566 663 622 ut
682 551 752 649 ipsi
762 553 887 639 aiunt,
902 571 1002 628 certe
1013 583 1078 631 ve-

82 683 228 742 ternum
254 670 360 765 sequi
375 667 510 740 viderit
526 669 541 737 l
560 693 640 739 non
655 668 755 740 aliud
776 666 931 743 fortasse
950 672 1080 745 discri-

82 811 171 862 men.
184 784 353 885 proferre
368 799 573 883 poterunt,
597 786 671 858 nisi
694 784 803 858 aliam
819 787 901 859 aliis
916 790 956 858 in
978 792 1081 861 cani-

79 902 148 976 bus
165 898 386 978 arteriarum
400 903 697 1000 dispositionem.
711 905 774 978 Sin
790 919 913 976 autem
925 931 1082 1002 quaeras,

79 1013 1082 1120 undeergostrangulationem·citamorsconsequaturl

77 1139 229 1240 aiunt,a
246 1138 517 1209 constrictione
534 1137 640 1234 sequi
647 1136 874 1234 jugularium
884 1164 1080 1232 venarum,

76 1259 218 1355 quippe
241 1254 386 1328 illatum
408 1255 592 1336 intereae
617 1249 891 1328 vertebralibus
916 1261 1079 1349 arteriis,

75 1399 159 1470 quae
173 1371 308 1469 laqueo
325 1395 405 1442 non
420 1385 581 1468 possunt
590 1373 818 1468 constringi,
830 1375 868 1442 in
881 1375 1082 1449 cerebrum

74 1489 309 1588 sauguinem·
322 1511 402 1589 non
428 1485 682 1563 referentium.
708 1492 753 1556 Et
773 1513 822 1558 ne
841 1485 937 1560 forte
959 1493 1081 1583 dicas,

72 1631 145 1678 nec
172 1603 399 1684 vertebral'es
425 1617 552 1674 tamen
580 1626 692 1674 venas
715 1602 852 1698 laqueo
873 1608 1083 1706 constringi

71 1748 210 1821 posse,
235 1724 364 1819 itaque
382 1745 452 1819 per
472 1720 541 1796 has
555 1720 775 1818 sanguinem
793 1720 990 1792 reductum
1015 1727 1083 1813 iri3'

70 1839 380 1916 animadvertunt
399 1837 504 1926 alibi,
522 1852 614 1914 tuno
635 1861 705 1934 per
726 1817 909 1910 carotrdes
926 1835 1083 1937 quoque

69 1956 221 2054 aliquid
247 1956 442 2054 sauguinis
462 1953 511 2025 ad
535 1952 737 2025 cerebrum
751 1955 967 2052 importari3
985 1958 1082 2027 emi-

68 2077 205 2146 nentia
225 2076 326 2144 e'nim
342 2090 479 2172 aspera
494 2072 637 2142 arteriae
651 2069 719 2158 has
735 2095 755 2140 a
774 2070 916 2167 laqueo
928 2075 979 2144 sic
994 2075 1082 2146 satis

68 2187 244 2276 defendi,
260 2211 347 2260 cum
361 2211 464 2259 venae
474 2188 668 2285 jugulares
674 2211 774 2285 pene
783 2182 898 2260 riudm
912 2193 1079 2262 cutisub·

52 2311 234 2404 jaceant.
270 2304 452 2402 Equidem
490 2303 632 2394 fateor,
664 2304 849 2376 carotidas
882 2306 1090 2380 interiores

65 2445 158 2494 esse
185 2446 299 2519 quam
313 2423 403 2494 ''sint
425 2421 617 2520 jugulares
644 2419 942 2501 interuaezaddo
967 2424 1080 2496 etiam

65 2541 348 2636 compressioui
361 2541 478 2637 magis
487 2539 675 2627 resistere,
690 2537 740 2610 ob
755 2540 969 2610 tunicarum
980 2565 1082 2614 cras·

63 2655 349 2746 situdioeru‚,et
360 2657 551 2755 sanguinis
562 2657 756 2754 impetum,
769 2681 846 2753 quo
859 2656 1079 2732 distendun-

63 2791 148 2848 tur.
175 2773 248 2846 Sed
273 2788 399 2846 tamen
420 2775 508 2871 ipsae
534 2797 687 2871 quoque
705 2775 895 2871 jugulares
922 2776 1079 2850 internae

62 2893 331 2993 prominentia
352 2915 490 2988 asporae
512 2893 654 2962 arteriae
676 2890 853 3003 nonnihil
870 2889 1086 2962 delendum.

63 3027 137 3084 tur
145 3036 163 3099 ς
181 3033 253 3082 uec
276 3022 377 3080 certe
403 3006 490 3095 illae,
509 3005 576 3080 sed
596 3021 758 3078 externae
782 3019 871 3078 sunt
897 3029 981 3102 quae
1001 3010 1081 3080 enti

64 3127 275 3223 subjacent
292 3143 390 3224 pene
407 3121 528 3194 midae.
546 3127 717 3194 Internas
735 3135 860 3192 autem
879 3119 941 3190 hio
963 3125 1078 3220 potis·

65 3246 216 3318 simum
235 3256 403 3340 spectare
414 3241 613 3328 convenit,
633 3238 699 3310 ubi
717 3237 764 3309 de
777 3239 971 3335 sanguinis
986 3264 1006 3310 e
1024 3265 1080 3314 oe-
1129 3315 1136 3340 χ

61 3361 193 3445 rebro
209 3358 432 3432 reductione
455 3381 577 3430 sermo
602 3370 676 3445 est,
699 3379 779 3426 non
801 3368 981 3432 externas.
1000 3359 1080 3432 Nec
1189 3417 1194 3428 ,

62 3503 166 3552 sane
193 3492 384 3564 externas,
402 3473 467 3547 sed
483 3475 667 3564 internas3
682 3473 823 3570 quippe
848 3472 1004 3544 ductum
1021 3500 1078 3548 se-

63 3609 239 3696 quentes
248 3593 389 3696 arteriae
403 3616 557 3691 asperae,
573 3589 827 3692 apprehensas
840 3613 918 3686 esse
928 3590 968 3660 in
981 3594 1077 3664 Aris·

67 3803 1080 3836 W

110 3967 165 4048 (a)
181 3969 251 4026 vid.
266 3986 372 4047 supra,
383 3987 415 4026 n.
431 3975 478 4036 at.
878 4035 880 4042 y

156 4094 190 4140 a.
723 4103 724 4106 =
859 4055 905 4129 ,31

108 4193 136 4251 3
285 4219 287 4224 .
504 4227 506 4234 ‚
748 4219 750 4222 .
