<?xml version="1.0" encoding="UTF-8"?>
<!DOCTYPE html PUBLIC "-//W3C//DTD XHTML 1.0 Transitional//EN"
    "http://www.w3.org/TR/xhtml1/DTD/xhtml1-transitional.dtd">
<html xmlns="http://www.w3.org/1999/xhtml" xml:lang="en" lang="en">
 <head>
  <title>
</title>
<meta http-equiv="Content-Type" content="text/html;charset=utf-8" />
  <meta name='ocr-system' content='tesseract 3.04.00' />
  <meta name='ocr-capabilities' content='ocr_page ocr_carea ocr_par ocr_line ocrx_word'/>
</head>
<body>
  <div class='ocr_page' id='page_1' title='image "./desedibusetcaus00chaugoog_0529.png"; bbox 0 0 2832 4662; ppageno 0'>
   <div class='ocr_carea' id='block_1_1' title="bbox 333 489 1171 578">
    <p class='ocr_par' dir='ltr' id='par_1_1' title="bbox 333 489 1171 578">
     <span class='ocr_line' id='line_1_1' title="bbox 333 489 1171 578; baseline -0.006 -14"><span class='ocrx_word' id='word_1_1' title='bbox 333 489 403 578; x_wconf 76' lang='lat'><strong>540</strong></span> <span class='ocrx_word' id='word_1_2' title='bbox 498 514 545 560; x_wconf 76' lang='lat' dir='ltr'><strong>mr</strong></span> <span class='ocrx_word' id='word_1_3' title='bbox 572 511 717 562; x_wconf 70' lang='lat' dir='ltr'><strong>suemus</strong></span> <span class='ocrx_word' id='word_1_4' title='bbox 741 513 785 560; x_wconf 78' lang='lat' dir='ltr'><strong>nr</strong></span> <span class='ocrx_word' id='word_1_5' title='bbox 810 510 934 560; x_wconf 77' lang='lat' dir='ltr'><strong>cxnsrs</strong></span> <span class='ocrx_word' id='word_1_6' title='bbox 960 509 1171 560; x_wconf 81' lang='lat' dir='ltr'><strong>uoaaoaun</strong></span> 
     </span>
    </p>
   </div>
   <div class='ocr_carea' id='block_1_2' title="bbox 284 611 1415 3646">
    <p class='ocr_par' dir='ltr' id='par_1_2' title="bbox 330 611 1342 1310">
     <span class='ocr_line' id='line_1_2' title="bbox 330 611 1342 727; baseline 0 -29"><span class='ocrx_word' id='word_1_7' title='bbox 330 642 473 727; x_wconf 85' lang='lat' dir='ltr'><strong>potest,</strong></span> <span class='ocrx_word' id='word_1_8' title='bbox 494 628 568 699; x_wconf 91' lang='lat' dir='ltr'><strong>sive</strong></span> <span class='ocrx_word' id='word_1_9' title='bbox 583 628 623 696; x_wconf 88' lang='lat' dir='ltr'><strong>in</strong></span> <span class='ocrx_word' id='word_1_10' title='bbox 636 625 788 697; x_wconf 85' lang='lat' dir='ltr'><strong>thorace</strong></span> <span class='ocrx_word' id='word_1_11' title='bbox 806 627 895 714; x_wconf 86' lang='lat' dir='ltr'><strong>sint,</strong></span> <span class='ocrx_word' id='word_1_12' title='bbox 917 619 960 696; x_wconf 87' lang='lat' dir='ltr'><strong>ut</strong></span> <span class='ocrx_word' id='word_1_13' title='bbox 976 627 1118 697; x_wconf 92' lang='lat' dir='ltr'><strong>cumin</strong></span> <span class='ocrx_word' id='word_1_14' title='bbox 1137 611 1255 722; x_wconf 78' lang='lat' dir='ltr'><strong>hujus</strong></span> <span class='ocrx_word' id='word_1_15' title='bbox 1272 624 1342 724; x_wconf 87' lang='lat' dir='ltr'><strong>hy·</strong></span> 
     </span>
     <span class='ocr_line' id='line_1_3' title="bbox 330 743 1339 842; baseline -0.002 -26"><span class='ocrx_word' id='word_1_16' title='bbox 330 746 448 842; x_wconf 91' lang='lat' dir='ltr'><strong>drope</strong></span> <span class='ocrx_word' id='word_1_17' title='bbox 466 745 520 841; x_wconf 75' lang='grc' dir='ltr'><strong>(Ι)</strong></span> <span class='ocrx_word' id='word_1_18' title='bbox 540 745 669 815; x_wconf 83' lang='lat' dir='ltr'>tussim</span> <span class='ocrx_word' id='word_1_19' title='bbox 687 743 897 830; x_wconf 89' lang='lat' dir='ltr'><strong>interdum,</strong></span> <span class='ocrx_word' id='word_1_20' title='bbox 914 743 978 814; x_wconf 89' lang='lat' dir='ltr'><strong>sed</strong></span> <span class='ocrx_word' id='word_1_21' title='bbox 991 744 1155 832; x_wconf 86' lang='lat' dir='ltr'><strong>irritam,</strong></span> <span class='ocrx_word' id='word_1_22' title='bbox 1169 759 1234 815; x_wconf 87' lang='lat' dir='ltr'><strong>aut</strong></span> <span class='ocrx_word' id='word_1_23' title='bbox 1247 745 1339 815; x_wconf 86' lang='lat' dir='ltr'><strong>nihil</strong></span> 
     </span>
     <span class='ocr_line' id='line_1_4' title="bbox 332 849 1338 958; baseline -0.002 -26"><span class='ocrx_word' id='word_1_24' title='bbox 332 849 431 944; x_wconf 84' lang='lat' dir='ltr'><strong>certe</strong></span> <span class='ocrx_word' id='word_1_25' title='bbox 451 862 531 956; x_wconf 90' lang='lat' dir='ltr'><strong>ejus</strong></span> <span class='ocrx_word' id='word_1_26' title='bbox 556 886 659 958; x_wconf 87' lang='lat' dir='ltr'><strong>aquae</strong></span> <span class='ocrx_word' id='word_1_27' title='bbox 680 860 903 932; x_wconf 83' lang='lat' dir='ltr'><strong>educentem</strong></span> <span class='ocrx_word' id='word_1_28' title='bbox 924 861 1240 950; x_wconf 75' lang='lat' dir='ltr'><strong>memoravimu5‚</strong></span> <span class='ocrx_word' id='word_1_29' title='bbox 1268 863 1338 932; x_wconf 85' lang='lat' dir='ltr'><strong>sive</strong></span> 
     </span>
     <span class='ocr_line' id='line_1_5' title="bbox 332 976 1338 1052; baseline -0.004 -2"><span class='ocrx_word' id='word_1_30' title='bbox 332 977 458 1052; x_wconf 89' lang='lat' dir='ltr'><strong>sedem</strong></span> <span class='ocrx_word' id='word_1_31' title='bbox 478 978 640 1049; x_wconf 83' lang='lat' dir='ltr'><strong>habeant</strong></span> <span class='ocrx_word' id='word_1_32' title='bbox 667 993 767 1048; x_wconf 87' lang='lat' dir='ltr'><strong>extra</strong></span> <span class='ocrx_word' id='word_1_33' title='bbox 786 976 989 1048; x_wconf 85' lang='lat' dir='ltr'><strong>thoracem.</strong></span> <span class='ocrx_word' id='word_1_34' title='bbox 1010 976 1161 1048; x_wconf 86' lang='lat' dir='ltr'><strong>Habent</strong></span> <span class='ocrx_word' id='word_1_35' title='bbox 1180 979 1285 1048; x_wconf 89' lang='lat' dir='ltr'><strong>enim</strong></span> <span class='ocrx_word' id='word_1_36' title='bbox 1304 979 1338 1046; x_wconf 89' lang='lat' dir='ltr'><strong>in</strong></span> 
     </span>
     <span class='ocr_line' id='line_1_6' title="bbox 331 1095 1338 1194; baseline -0.002 -26"><span class='ocrx_word' id='word_1_37' title='bbox 331 1098 469 1194; x_wconf 90' lang='lat' dir='ltr'><strong>capite,</strong></span> <span class='ocrx_word' id='word_1_38' title='bbox 489 1112 529 1167; x_wconf 94' lang='lat' dir='ltr'><strong>ut</strong></span> <span class='ocrx_word' id='word_1_39' title='bbox 547 1096 750 1182; x_wconf 87' lang='lat' dir='ltr'><strong>diximus,</strong></span> <span class='ocrx_word' id='word_1_40' title='bbox 742 1120 780 1163; x_wconf 83' lang='lat' dir='ltr'><strong>in</strong></span> <span class='ocrx_word' id='word_1_41' title='bbox 798 1095 938 1182; x_wconf 89' lang='lat' dir='ltr'><strong>collo,</strong></span> <span class='ocrx_word' id='word_1_42' title='bbox 930 1121 969 1167; x_wconf 82' lang='lat' dir='ltr'><strong>tn</strong></span> <span class='ocrx_word' id='word_1_43' title='bbox 981 1110 1139 1166; x_wconf 87' lang='lat' dir='ltr'><strong>ventre:</strong></span> <span class='ocrx_word' id='word_1_44' title='bbox 1161 1121 1249 1193; x_wconf 84' lang='lat' dir='ltr'><strong>quae</strong></span> <span class='ocrx_word' id='word_1_45' title='bbox 1271 1097 1338 1168; x_wconf 92' lang='lat' dir='ltr'><strong>sin·</strong></span> 
     </span>
     <span class='ocr_line' id='line_1_7' title="bbox 332 1211 911 1310; baseline -0.002 -27"><span class='ocrx_word' id='word_1_46' title='bbox 332 1213 417 1310; x_wconf 85' lang='lat' dir='ltr'><strong>gula</strong></span> <span class='ocrx_word' id='word_1_47' title='bbox 433 1212 612 1310; x_wconf 87' lang='lat' dir='ltr'><strong>exemplis</strong></span> <span class='ocrx_word' id='word_1_48' title='bbox 629 1211 911 1284; x_wconf 86' lang='lat' dir='ltr'><strong>declarabimus</strong></span> 
     </span>
    </p>

    <p class='ocr_par' dir='ltr' id='par_1_3' title="bbox 284 1327 1415 3646">
     <span class='ocr_line' id='line_1_8' title="bbox 381 1327 1338 1427; baseline -0.002 -28"><span class='ocrx_word' id='word_1_49' title='bbox 381 1327 436 1416; x_wconf 73' lang='grc'><strong>54.</strong></span> <span class='ocrx_word' id='word_1_50' title='bbox 465 1329 509 1399; x_wconf 86' lang='lat' dir='ltr'><strong>Et</strong></span> <span class='ocrx_word' id='word_1_51' title='bbox 535 1330 701 1426; x_wconf 92' lang='lat' dir='ltr'><strong>primum</strong></span> <span class='ocrx_word' id='word_1_52' title='bbox 727 1331 836 1401; x_wconf 88' lang='lat' dir='ltr'><strong>tussis</strong></span> <span class='ocrx_word' id='word_1_53' title='bbox 869 1355 1015 1402; x_wconf 86' lang='lat' dir='ltr'><strong>causam</strong></span> <span class='ocrx_word' id='word_1_54' title='bbox 1041 1331 1081 1398; x_wconf 90' lang='lat' dir='ltr'><strong>in</strong></span> <span class='ocrx_word' id='word_1_55' title='bbox 1108 1331 1237 1427; x_wconf 88' lang='lat' dir='ltr'><strong>capite</strong></span> <span class='ocrx_word' id='word_1_56' title='bbox 1267 1352 1338 1400; x_wconf 88' lang='lat' dir='ltr'><strong>esse</strong></span> 
     </span>
     <span class='ocr_line' id='line_1_9' title="bbox 330 1444 1338 1546; baseline -0.001 -31"><span class='ocrx_word' id='word_1_57' title='bbox 330 1470 459 1546; x_wconf 93' lang='lat' dir='ltr'><strong>posse,</strong></span> <span class='ocrx_word' id='word_1_58' title='bbox 490 1445 549 1516; x_wconf 89' lang='lat' dir='ltr'><strong>vel</strong></span> <span class='ocrx_word' id='word_1_59' title='bbox 569 1471 676 1516; x_wconf 90' lang='lat' dir='ltr'><strong>exeo</strong></span> <span class='ocrx_word' id='word_1_60' title='bbox 700 1447 876 1518; x_wconf 90' lang='lat' dir='ltr'><strong>omnibus</strong></span> <span class='ocrx_word' id='word_1_61' title='bbox 895 1445 1137 1521; x_wconf 86' lang='lat' dir='ltr'><strong>manifestum</strong></span> <span class='ocrx_word' id='word_1_62' title='bbox 1158 1462 1219 1518; x_wconf 89' lang='lat' dir='ltr'><strong>est</strong></span> <span class='ocrx_word' id='word_1_63' title='bbox 1241 1444 1338 1544; x_wconf 93' lang='lat' dir='ltr'><strong>quod</strong></span> 
     </span>
     <span class='ocr_line' id='line_1_10' title="bbox 331 1563 1336 1667; baseline -0.001 -34"><span class='ocrx_word' id='word_1_64' title='bbox 331 1565 450 1667; x_wconf 88' lang='lat' dir='ltr'><strong>levem</strong></span> <span class='ocrx_word' id='word_1_65' title='bbox 462 1563 636 1636; x_wconf 86' lang='lat' dir='ltr'><strong>auditorii</strong></span> <span class='ocrx_word' id='word_1_66' title='bbox 649 1581 793 1636; x_wconf 87' lang='lat' dir='ltr'><strong>meatus</strong></span> <span class='ocrx_word' id='word_1_67' title='bbox 802 1564 848 1634; x_wconf 88' lang='lat' dir='ltr'><strong>ab</strong></span> <span class='ocrx_word' id='word_1_68' title='bbox 859 1565 1080 1662; x_wconf 89' lang='lat' dir='ltr'><strong>auriscalpio</strong></span> <span class='ocrx_word' id='word_1_69' title='bbox 1088 1565 1336 1634; x_wconf 84' lang='lat' dir='ltr'><strong>irritationem</strong></span> 
     </span>
     <span class='ocr_line' id='line_1_11' title="bbox 332 1672 1336 1779; baseline -0.004 -25"><span class='ocrx_word' id='word_1_70' title='bbox 332 1684 463 1778; x_wconf 83' lang='lat' dir='ltr'><strong>saepius</strong></span> <span class='ocrx_word' id='word_1_71' title='bbox 481 1683 590 1753; x_wconf 90' lang='lat' dir='ltr'><strong>tussis</strong></span> <span class='ocrx_word' id='word_1_72' title='bbox 608 1683 871 1779; x_wconf 81' lang='lat' dir='ltr'><strong>consequitur3</strong></span> <span class='ocrx_word' id='word_1_73' title='bbox 889 1686 964 1753; x_wconf 89' lang='lat' dir='ltr'><strong>sive</strong></span> <span class='ocrx_word' id='word_1_74' title='bbox 983 1681 1142 1752; x_wconf 85' lang='lat' dir='ltr'><strong>irritatio</strong></span> <span class='ocrx_word' id='word_1_75' title='bbox 1157 1706 1232 1778; x_wconf 90' lang='lat' dir='ltr'><strong>per</strong></span> <span class='ocrx_word' id='word_1_76' title='bbox 1252 1672 1336 1750; x_wconf 87' lang='lat' dir='ltr'><strong>inte·</strong></span> 
     </span>
     <span class='ocr_line' id='line_1_12' title="bbox 332 1797 1414 1897; baseline -0.001 -28"><span class='ocrx_word' id='word_1_77' title='bbox 332 1801 449 1869; x_wconf 86' lang='lat' dir='ltr'><strong>riores</strong></span> <span class='ocrx_word' id='word_1_78' title='bbox 476 1797 712 1868; x_wconf 86' lang='lat' dir='ltr'><strong>membranas</strong></span> <span class='ocrx_word' id='word_1_79' title='bbox 729 1801 846 1889; x_wconf 82' lang='lat' dir='ltr'><strong>auris,</strong></span> <span class='ocrx_word' id='word_1_80' title='bbox 872 1799 1045 1897; x_wconf 77' lang='lat' dir='ltr'><strong>tubaeque</strong></span> <span class='ocrx_word' id='word_1_81' title='bbox 1062 1797 1335 1882; x_wconf 77' lang='lat' dir='ltr'><strong>Eustacbianae3</strong></span> <span class='ocrx_word' id='word_1_82' title='bbox 1413 1863 1414 1868; x_wconf 75' lang='grc'>,</span> 
     </span>
     <span class='ocr_line' id='line_1_13' title="bbox 333 1915 1414 2014; baseline -0.005 -26"><span class='ocrx_word' id='word_1_83' title='bbox 333 1933 368 1988; x_wconf 86' lang='lat' dir='ltr'><strong>et</strong></span> <span class='ocrx_word' id='word_1_84' title='bbox 388 1916 592 2014; x_wconf 84' lang='lat' dir='ltr'><strong>pharyngis</strong></span> <span class='ocrx_word' id='word_1_85' title='bbox 616 1916 768 1986; x_wconf 89' lang='lat' dir='ltr'><strong>demum</strong></span> <span class='ocrx_word' id='word_1_86' title='bbox 784 1915 830 1988; x_wconf 86' lang='lat' dir='ltr'><strong>ad</strong></span> <span class='ocrx_word' id='word_1_87' title='bbox 850 1917 1043 2014; x_wconf 84' lang='lat' dir='ltr'><strong>laryngem</strong></span> <span class='ocrx_word' id='word_1_88' title='bbox 1059 1939 1183 2012; x_wconf 92' lang='lat' dir='ltr'><strong>usque</strong></span> <span class='ocrx_word' id='word_1_89' title='bbox 1202 1939 1336 2012; x_wconf 90' lang='lat' dir='ltr'><strong>propa·</strong></span> <span class='ocrx_word' id='word_1_90' title='bbox 1413 1915 1414 1944; x_wconf 66' lang='lat'><strong>³</strong></span> 
     </span>
     <span class='ocr_line' id='line_1_14' title="bbox 332 2029 1336 2132; baseline -0.006 -26"><span class='ocrx_word' id='word_1_91' title='bbox 332 2050 457 2132; x_wconf 83' lang='lat' dir='ltr'><strong>gatar,</strong></span> <span class='ocrx_word' id='word_1_92' title='bbox 479 2059 554 2105; x_wconf 78' lang='lat' dir='ltr'><strong>sive</strong></span> <span class='ocrx_word' id='word_1_93' title='bbox 571 2032 704 2122; x_wconf 82' lang='lat' dir='ltr'><strong>efficit</strong></span> <span class='ocrx_word' id='word_1_94' title='bbox 731 2049 776 2104; x_wconf 91' lang='lat' dir='ltr'><strong>ut</strong></span> <span class='ocrx_word' id='word_1_95' title='bbox 791 2031 933 2130; x_wconf 82' lang='lat' dir='ltr'><strong>ahqurd</strong></span> <span class='ocrx_word' id='word_1_96' title='bbox 951 2059 995 2104; x_wconf 86' lang='lat' dir='ltr'><strong>ex</strong></span> <span class='ocrx_word' id='word_1_97' title='bbox 1015 2057 1057 2102; x_wconf 90' lang='lat' dir='ltr'><strong>ea</strong></span> <span class='ocrx_word' id='word_1_98' title='bbox 1075 2031 1232 2101; x_wconf 86' lang='lat' dir='ltr'><strong>tubam</strong></span> <span class='ocrx_word' id='word_1_99' title='bbox 1250 2029 1336 2129; x_wconf 87' lang='lat' dir='ltr'><strong>pha·</strong></span> 
     </span>
     <span class='ocr_line' id='line_1_15' title="bbox 330 2149 1336 2249; baseline -0.006 -27"><span class='ocrx_word' id='word_1_100' title='bbox 330 2177 487 2249; x_wconf 85' lang='lat' dir='ltr'><strong>ryngem</strong></span> <span class='ocrx_word' id='word_1_101' title='bbox 508 2153 760 2248; x_wconf 73' lang='lat' dir='ltr'><strong>protintrst</strong></span> <span class='ocrx_word' id='word_1_102' title='bbox 698 2151 760 2221; x_wconf 86' lang='lat' dir='ltr'><strong>det</strong></span> <span class='ocrx_word' id='word_1_103' title='bbox 764 2150 940 2235; x_wconf 77' lang='lat' dir='ltr'><strong>iubetur,</strong></span> <span class='ocrx_word' id='word_1_104' title='bbox 952 2149 1069 2237; x_wconf 87' lang='lat' dir='ltr'><strong>hanc,</strong></span> <span class='ocrx_word' id='word_1_105' title='bbox 1091 2163 1128 2218; x_wconf 90' lang='lat' dir='ltr'><strong>et</strong></span> <span class='ocrx_word' id='word_1_106' title='bbox 1143 2149 1336 2244; x_wconf 85' lang='lat' dir='ltr'><strong>laryngem</strong></span> 
     </span>
     <span class='ocr_line' id='line_1_16' title="bbox 331 2239 1409 2361; baseline -0.008 -20"><span class='ocrx_word' id='word_1_107' title='bbox 331 2270 671 2353; x_wconf 84' lang='lat' dir='ltr'><strong>stimulaturum‚</strong></span> <span class='ocrx_word' id='word_1_108' title='bbox 646 2284 752 2338; x_wconf 84' lang='lat' dir='ltr'><strong>srvet</strong></span> <span class='ocrx_word' id='word_1_109' title='bbox 739 2239 889 2338; x_wconf 88' lang='lat' dir='ltr'><strong>tandem</strong></span> <span class='ocrx_word' id='word_1_110' title='bbox 909 2281 1030 2337; x_wconf 88' lang='lat' dir='ltr'><strong>certos</strong></span> <span class='ocrx_word' id='word_1_111' title='bbox 1048 2264 1236 2361; x_wconf 89' lang='lat' dir='ltr'><strong>quosdam</strong></span> <span class='ocrx_word' id='word_1_112' title='bbox 1253 2287 1336 2334; x_wconf 85' lang='lat' dir='ltr'><strong>ner·</strong></span> <span class='ocrx_word' id='word_1_113' title='bbox 1407 2252 1409 2261; x_wconf 49' lang='lat'>¹</span> 
     </span>
     <span class='ocr_line' id='line_1_17' title="bbox 322 2357 1334 2485; baseline -0.007 -28"><span class='ocrx_word' id='word_1_114' title='bbox 322 2411 396 2458; x_wconf 42' lang='lat' dir='ltr'><strong>*vos</strong></span> <span class='ocrx_word' id='word_1_115' title='bbox 415 2389 454 2457; x_wconf 91' lang='lat' dir='ltr'><strong>in</strong></span> <span class='ocrx_word' id='word_1_116' title='bbox 470 2411 693 2458; x_wconf 89' lang='lat' dir='ltr'><strong>consensum</strong></span> <span class='ocrx_word' id='word_1_117' title='bbox 713 2357 845 2473; x_wconf 83' lang='lat' dir='ltr'><strong>trahit,</strong></span> <span class='ocrx_word' id='word_1_118' title='bbox 861 2399 903 2454; x_wconf 90' lang='lat' dir='ltr'><strong>ut</strong></span> <span class='ocrx_word' id='word_1_119' title='bbox 920 2399 1009 2480; x_wconf 87' lang='lat' dir='ltr'><strong>puta</strong></span> <span class='ocrx_word' id='word_1_120' title='bbox 1029 2381 1289 2485; x_wconf 85' lang='lat' dir='ltr'><strong>membranis</strong></span> <span class='ocrx_word' id='word_1_121' title='bbox 1281 2406 1334 2450; x_wconf 86' lang='lat' dir='ltr'><strong>rn-</strong></span> 
     </span>
     <span class='ocr_line' id='line_1_18' title="bbox 331 2498 1334 2601; baseline -0.008 -25"><span class='ocrx_word' id='word_1_122' title='bbox 331 2507 533 2576; x_wconf 87' lang='lat' dir='ltr'><strong>servientes</strong></span> <span class='ocrx_word' id='word_1_123' title='bbox 554 2530 634 2600; x_wconf 86' lang='lat' dir='ltr'><strong>quae</strong></span> <span class='ocrx_word' id='word_1_124' title='bbox 648 2503 821 2601; x_wconf 84' lang='lat' dir='ltr'><strong>proxime</strong></span> <span class='ocrx_word' id='word_1_125' title='bbox 841 2527 928 2572; x_wconf 88' lang='lat' dir='ltr'><strong>curn</strong></span> <span class='ocrx_word' id='word_1_126' title='bbox 944 2500 1075 2571; x_wconf 87' lang='lat' dir='ltr'><strong>intima</strong></span> <span class='ocrx_word' id='word_1_127' title='bbox 1091 2498 1263 2596; x_wconf 84' lang='lat' dir='ltr'><strong>laryngis</strong></span> <span class='ocrx_word' id='word_1_128' title='bbox 1283 2512 1334 2568; x_wconf 88' lang='lat' dir='ltr'><strong>tu·</strong></span> 
     </span>
     <span class='ocr_line' id='line_1_19' title="bbox 328 2615 1335 2717; baseline -0.003 -28.994"><span class='ocrx_word' id='word_1_129' title='bbox 328 2623 414 2692; x_wconf 90' lang='lat' dir='ltr'><strong>nica</strong></span> <span class='ocrx_word' id='word_1_130' title='bbox 429 2623 709 2692; x_wconf 85' lang='lat' dir='ltr'><strong>continuantur.</strong></span> <span class='ocrx_word' id='word_1_131' title='bbox 729 2623 873 2717; x_wconf 85' lang='lat' dir='ltr'><strong>Atque,</strong></span> <span class='ocrx_word' id='word_1_132' title='bbox 891 2633 932 2688; x_wconf 92' lang='lat' dir='ltr'><strong>ut</strong></span> <span class='ocrx_word' id='word_1_133' title='bbox 948 2617 1023 2687; x_wconf 89' lang='lat' dir='ltr'><strong>dixi</strong></span> <span class='ocrx_word' id='word_1_134' title='bbox 1032 2615 1250 2712; x_wconf 87' lang='lat' dir='ltr'><strong>‚ejusmodi</strong></span> <span class='ocrx_word' id='word_1_135' title='bbox 1264 2629 1335 2685; x_wconf 90' lang='lat' dir='ltr'><strong>tus-</strong></span> 
     </span>
     <span class='ocr_line' id='line_1_20' title="bbox 303 2733 1334 2832; baseline -0.008 -24"><span class='ocrx_word' id='word_1_136' title='bbox 303 2775 307 2783; x_wconf 93' lang='lat'><em>·</em></span> <span class='ocrx_word' id='word_1_137' title='bbox 332 2738 380 2808; x_wconf 91' lang='lat' dir='ltr'><strong>sis</strong></span> <span class='ocrx_word' id='word_1_138' title='bbox 400 2739 571 2808; x_wconf 85' lang='lat' dir='ltr'><strong>excitatio</strong></span> <span class='ocrx_word' id='word_1_139' title='bbox 588 2739 731 2807; x_wconf 89' lang='lat' dir='ltr'><strong>nemini</strong></span> <span class='ocrx_word' id='word_1_140' title='bbox 750 2761 828 2807; x_wconf 89' lang='lat' dir='ltr'><strong>non</strong></span> <span class='ocrx_word' id='word_1_141' title='bbox 847 2737 995 2832; x_wconf 86' lang='lat' dir='ltr'><strong>cognita</strong></span> <span class='ocrx_word' id='word_1_142' title='bbox 1019 2748 1084 2804; x_wconf 90' lang='lat' dir='ltr'><strong>est.</strong></span> <span class='ocrx_word' id='word_1_143' title='bbox 1108 2733 1334 2804; x_wconf 83' lang='lat' dir='ltr'><strong>Anatomicis</strong></span> 
     </span>
     <span class='ocr_line' id='line_1_21' title="bbox 284 2849 1415 2953; baseline -0.007 -28"><span class='ocrx_word' id='word_1_144' title='bbox 284 2939 285 2944; x_wconf 5' lang='grc' dir='ltr'>ἵ</span> <span class='ocrx_word' id='word_1_145' title='bbox 331 2870 455 2926; x_wconf 90' lang='lat' dir='ltr'><strong>autem</strong></span> <span class='ocrx_word' id='word_1_146' title='bbox 474 2880 515 2926; x_wconf 90' lang='lat' dir='ltr'><strong>ea</strong></span> <span class='ocrx_word' id='word_1_147' title='bbox 534 2881 687 2953; x_wconf 90' lang='lat' dir='ltr'><strong>quoque</strong></span> <span class='ocrx_word' id='word_1_148' title='bbox 706 2870 796 2927; x_wconf 87' lang='lat' dir='ltr'><strong>nota</strong></span> <span class='ocrx_word' id='word_1_149' title='bbox 813 2869 882 2944; x_wconf 87' lang='lat' dir='ltr'><strong>est,</strong></span> <span class='ocrx_word' id='word_1_150' title='bbox 900 2879 981 2950; x_wconf 87' lang='lat' dir='ltr'><strong>quae</strong></span> <span class='ocrx_word' id='word_1_151' title='bbox 996 2851 1149 2922; x_wconf 83' lang='lat' dir='ltr'><strong>irritatis</strong></span> <span class='ocrx_word' id='word_1_152' title='bbox 1169 2849 1214 2921; x_wconf 88' lang='lat' dir='ltr'><strong>fit</strong></span> <span class='ocrx_word' id='word_1_153' title='bbox 1227 2851 1333 2921; x_wconf 91' lang='lat' dir='ltr'><strong>initiis</strong></span> <span class='ocrx_word' id='word_1_154' title='bbox 1414 2936 1415 2943; x_wconf 6' lang='grc' dir='ltr'>ἵ</span> 
     </span>
     <span class='ocr_line' id='line_1_22' title="bbox 332 2967 1333 3068; baseline -0.009 -24"><span class='ocrx_word' id='word_1_155' title='bbox 332 2997 535 3046; x_wconf 88' lang='lat' dir='ltr'><strong>nervorum</strong></span> <span class='ocrx_word' id='word_1_156' title='bbox 547 3029 556 3058; x_wconf 89' lang='lat'>‚</span> <span class='ocrx_word' id='word_1_157' title='bbox 568 2974 669 3043; x_wconf 86' lang='lat' dir='ltr'><strong>velut</strong></span> <span class='ocrx_word' id='word_1_158' title='bbox 680 2973 872 3043; x_wconf 89' lang='lat' dir='ltr'><strong>interdum</strong></span> <span class='ocrx_word' id='word_1_159' title='bbox 885 2967 1244 3068; x_wconf 70' lang='lat' dir='ltr'><strong>inhydrocephalis</strong></span> <span class='ocrx_word' id='word_1_160' title='bbox 1258 2971 1333 3036; x_wconf 86' lang='lat' dir='ltr'><strong>Per·</strong></span> 
     </span>
     <span class='ocr_line' id='line_1_23' title="bbox 330 3082 1332 3189; baseline -0.009 -28"><span class='ocrx_word' id='word_1_161' title='bbox 330 3092 431 3189; x_wconf 88' lang='lat' dir='ltr'><strong>leges</strong></span> <span class='ocrx_word' id='word_1_162' title='bbox 455 3091 494 3160; x_wconf 91' lang='lat' dir='ltr'><strong>in</strong></span> <span class='ocrx_word' id='word_1_163' title='bbox 514 3087 749 3186; x_wconf 87' lang='lat' dir='ltr'><strong>Sepulchreti</strong></span> <span class='ocrx_word' id='word_1_164' title='bbox 776 3089 968 3185; x_wconf 90' lang='lat' dir='ltr'><strong>superiore</strong></span> <span class='ocrx_word' id='word_1_165' title='bbox 993 3085 1092 3156; x_wconf 91' lang='lat' dir='ltr'><strong>libro</strong></span> <span class='ocrx_word' id='word_1_166' title='bbox 1120 3083 1177 3180; x_wconf 84' lang='lat'><strong>(2)</strong></span> <span class='ocrx_word' id='word_1_167' title='bbox 1202 3082 1332 3155; x_wconf 86' lang='lat' dir='ltr'><strong>Vesalii</strong></span> 
     </span>
     <span class='ocr_line' id='line_1_24' title="bbox 331 3200 1332 3302; baseline -0.013 -21"><span class='ocrx_word' id='word_1_168' title='bbox 331 3209 631 3281; x_wconf 88' lang='lat' dir='ltr'><strong>observationem</strong></span> <span class='ocrx_word' id='word_1_169' title='bbox 648 3206 695 3277; x_wconf 90' lang='lat' dir='ltr'><strong>ad</strong></span> <span class='ocrx_word' id='word_1_170' title='bbox 711 3203 750 3275; x_wconf 90' lang='lat' dir='ltr'><strong>id</strong></span> <span class='ocrx_word' id='word_1_171' title='bbox 771 3206 858 3275; x_wconf 89' lang='lat' dir='ltr'><strong>mali</strong></span> <span class='ocrx_word' id='word_1_172' title='bbox 874 3205 1148 3302; x_wconf 90' lang='lat' dir='ltr'><strong>pertinentem;</strong></span> <span class='ocrx_word' id='word_1_173' title='bbox 1162 3217 1200 3272; x_wconf 88' lang='lat' dir='ltr'><strong>et</strong></span> <span class='ocrx_word' id='word_1_174' title='bbox 1220 3201 1268 3270; x_wconf 90' lang='lat' dir='ltr'><strong>ad</strong></span> <span class='ocrx_word' id='word_1_175' title='bbox 1286 3200 1332 3268; x_wconf 86' lang='lat' dir='ltr'><strong>le-</strong></span> 
     </span>
     <span class='ocr_line' id='line_1_25' title="bbox 329 3295 1332 3421; baseline -0.01 -27"><span class='ocrx_word' id='word_1_176' title='bbox 329 3352 414 3397; x_wconf 90' lang='lat' dir='ltr'><strong>vem</strong></span> <span class='ocrx_word' id='word_1_177' title='bbox 433 3326 561 3421; x_wconf 88' lang='lat' dir='ltr'><strong>capitis</strong></span> <span class='ocrx_word' id='word_1_178' title='bbox 577 3295 741 3410; x_wconf 69' lang='lat' dir='ltr'><strong>motum,</strong></span> <span class='ocrx_word' id='word_1_179' title='bbox 769 3347 919 3420; x_wconf 68' lang='lat' dir='ltr'><strong>gravem</strong></span> <span class='ocrx_word' id='word_1_180' title='bbox 933 3321 1034 3390; x_wconf 89' lang='lat' dir='ltr'><strong>illico</strong></span> <span class='ocrx_word' id='word_1_181' title='bbox 1052 3321 1186 3390; x_wconf 89' lang='lat' dir='ltr'><strong>tussim</strong></span> <span class='ocrx_word' id='word_1_182' title='bbox 1204 3319 1332 3389; x_wconf 82' lang='lat' dir='ltr'><strong>excita·</strong></span> 
     </span>
     <span class='ocr_line' id='line_1_26' title="bbox 330 3433 1332 3540; baseline -0.011 -26"><span class='ocrx_word' id='word_1_183' title='bbox 330 3460 407 3514; x_wconf 88' lang='lat' dir='ltr'><strong>tam</strong></span> <span class='ocrx_word' id='word_1_184' title='bbox 424 3445 603 3540; x_wconf 89' lang='lat' dir='ltr'><strong>reperies,</strong></span> <span class='ocrx_word' id='word_1_185' title='bbox 625 3467 709 3512; x_wconf 89' lang='lat' dir='ltr'><strong>eum</strong></span> <span class='ocrx_word' id='word_1_186' title='bbox 727 3443 765 3510; x_wconf 91' lang='lat' dir='ltr'><strong>in</strong></span> <span class='ocrx_word' id='word_1_187' title='bbox 785 3433 1030 3538; x_wconf 88' lang='lat' dir='ltr'><strong>pulmonibus</strong></span> <span class='ocrx_word' id='word_1_188' title='bbox 1046 3437 1143 3507; x_wconf 83' lang='lat' dir='ltr'><strong>nihil</strong></span> <span class='ocrx_word' id='word_1_189' title='bbox 1161 3437 1245 3508; x_wconf 78' lang='lat' dir='ltr'><strong>uitii</strong></span> <span class='ocrx_word' id='word_1_190' title='bbox 1263 3459 1332 3504; x_wconf 87' lang='lat' dir='ltr'><strong>me-</strong></span> 
     </span>
     <span class='ocr_line' id='line_1_27' title="bbox 317 3549 1332 3646; baseline -0.015 -11"><span class='ocrx_word' id='word_1_191' title='bbox 317 3577 510 3634; x_wconf 88' lang='lat' dir='ltr'><strong>·moretur.</strong></span> <span class='ocrx_word' id='word_1_192' title='bbox 541 3562 600 3631; x_wconf 91' lang='lat' dir='ltr'><strong>Sic</strong></span> <span class='ocrx_word' id='word_1_193' title='bbox 622 3560 733 3631; x_wconf 87' lang='lat' dir='ltr'><strong>etiam</strong></span> <span class='ocrx_word' id='word_1_194' title='bbox 756 3561 795 3629; x_wconf 91' lang='lat' dir='ltr'><strong>in</strong></span> <span class='ocrx_word' id='word_1_195' title='bbox 822 3553 1083 3632; x_wconf 71' lang='lat' dir='ltr'><strong>obseruatione</strong></span> <span class='ocrx_word' id='word_1_196' title='bbox 1107 3549 1332 3646; x_wconf 61' lang='lat' dir='ltr'><strong>Lecheliitb)</strong></span> 
     </span>
    </p>
   </div>
   <div class='ocr_carea' id='block_1_3' title="bbox 1006 3727 1230 3734">
    <p class='ocr_par' dir='ltr' id='par_1_4' title="bbox 1006 3727 1230 3734">
     <span class='ocr_line' id='line_1_28' title="bbox 1006 3727 1230 3734; baseline 0 0"><span class='ocrx_word' id='word_1_197' title='bbox 1006 3727 1008 3734; x_wconf 77' lang='grc'>,</span> <span class='ocrx_word' id='word_1_198' title='bbox 1227 3727 1230 3734; x_wconf 88' lang='grc'><em>,</em></span> 
     </span>
    </p>
   </div>
   <div class='ocr_carea' id='block_1_4' title="bbox 370 3861 846 4138">
    <p class='ocr_par' dir='ltr' id='par_1_5' title="bbox 370 3861 846 4138">
     <span class='ocr_line' id='line_1_29' title="bbox 373 3861 594 3941; baseline -0.014 -22"><span class='ocrx_word' id='word_1_199' title='bbox 373 3863 416 3941; x_wconf 87' lang='lat'><strong>(1)</strong></span> <span class='ocrx_word' id='word_1_200' title='bbox 437 3862 531 3937; x_wconf 87' lang='lat' dir='ltr'><strong>Epist.</strong></span> <span class='ocrx_word' id='word_1_201' title='bbox 549 3861 594 3918; x_wconf 84' lang='lat'><strong>16.</strong></span> 
     </span>
     <span class='ocr_line' id='line_1_30' title="bbox 370 3960 734 4040; baseline -0.019 -20"><span class='ocrx_word' id='word_1_202' title='bbox 370 3963 414 4040; x_wconf 80' lang='lat' dir='ltr'><strong>(a)</strong></span> <span class='ocrx_word' id='word_1_203' title='bbox 435 3965 539 4020; x_wconf 91' lang='lat' dir='ltr'><strong>ISect.</strong></span> <span class='ocrx_word' id='word_1_204' title='bbox 559 3962 611 4030; x_wconf 91' lang='lat'><strong>16,</strong></span> <span class='ocrx_word' id='word_1_205' title='bbox 628 3961 691 4016; x_wconf 89' lang='lat' dir='ltr'><strong>obs.</strong></span> <span class='ocrx_word' id='word_1_206' title='bbox 706 3960 734 4014; x_wconf 86' lang='lat'><strong>6.</strong></span> 
     </span>
     <span class='ocr_line' id='line_1_31' title="bbox 370 4051 846 4138; baseline -0.011 -20"><span class='ocrx_word' id='word_1_207' title='bbox 370 4061 415 4138; x_wconf 76' lang='lat'><strong>(3)</strong></span> <span class='ocrx_word' id='word_1_208' title='bbox 435 4062 512 4118; x_wconf 92' lang='lat' dir='ltr'><strong>Ibid.</strong></span> <span class='ocrx_word' id='word_1_209' title='bbox 528 4061 560 4118; x_wconf 86' lang='lat' dir='ltr'><strong>in</strong></span> <span class='ocrx_word' id='word_1_210' title='bbox 575 4051 724 4119; x_wconf 75' lang='lat' dir='ltr'><strong>Additani.</strong></span> <span class='ocrx_word' id='word_1_211' title='bbox 739 4059 803 4116; x_wconf 89' lang='lat' dir='ltr'><strong>obs.</strong></span> <span class='ocrx_word' id='word_1_212' title='bbox 818 4065 846 4126; x_wconf 78' lang='grc'><strong>4.</strong></span> 
     </span>
    </p>
   </div>
   <div class='ocr_carea' id='block_1_5' title="bbox 0 0 1420 4662">
    <p class='ocr_par' dir='ltr' id='par_1_6' title="bbox 0 0 1420 4662">
     <span class='ocr_line' id='line_1_32' title="bbox 0 0 1420 4662; baseline 0 0"><span class='ocrx_word' id='word_1_213' title='bbox 0 0 1420 4662; x_wconf 95' lang='lat' dir='ltr'><strong> </strong></span> 
     </span>
    </p>
   </div>
  </div>
 </body>
</html>
