2842 4672
283 363 333 450 64
450 384 497 430 un
523 380 670 430 seruus
694 381 739 428 nr
764 379 888 428 causrs
914 382 1123 432 nouorum

285 515 410 572 extare
437 496 641 596 squamulae
671 497 801 568 instar.
832 496 966 586 Quod,
998 523 1085 569 cum
1112 504 1291 576 tentantis

285 617 442 716 specillo
463 614 570 688 facile
600 613 892 711 obsequeretur,
920 616 1111 713 integrum
1141 623 1289 693 exemit.

285 739 509 832 Exemptum
538 732 630 803 dum
655 733 841 802 curiosius
866 733 1161 831 contemplatur,
1195 736 1292 806 alam

287 878 366 926 esse
381 852 550 950 agnoscit
570 851 727 920 minoris
748 873 884 921 muscae
905 877 913 918 :
932 865 970 922 et
987 874 1075 921 sane
1098 876 1193 942 esse,
1212 877 1293 923 om-

286 996 354 1042 nes
371 971 438 1066 qui
454 983 562 1056 tunc,
578 983 614 1039 et
631 982 759 1065 postea
776 967 972 1057 viderunt,
990 969 1070 1040 sine
1087 967 1165 1040 ulla
1182 968 1292 1042 dubi·

285 1089 447 1174 tatione,
474 1100 517 1157 ut
546 1086 586 1154 in
611 1110 653 1155 re
680 1083 978 1174 evidentissima,
1006 1084 1290 1160 confirmarunt.

286 1210 381 1276 Tum
401 1204 594 1275 enimvero
615 1203 654 1271 in
674 1205 895 1274 memoriam
916 1204 1027 1275 rediit
1048 1206 1290 1303 Mangellius,

289 1322 361 1396 sibi
377 1319 710 1394 inflammationem
727 1319 830 1390 haud
848 1333 935 1392 ante
954 1322 1158 1419 incepisse,
1178 1348 1291 1420 quam

288 1464 417 1512 musca
429 1439 469 1509 in
486 1438 639 1510 oculum
657 1434 752 1508 forte
766 1438 984 1526 involasset,
1000 1462 1113 1536 quam
1126 1439 1181 1510 ibi
1194 1442 1292 1512 inter

287 1557 487 1659 palpebras
506 1555 680 1642 celerius,
701 1569 743 1626 ut
760 1553 827 1640 fit,
846 1557 983 1650 injecta
1003 1581 1116 1628 manu
1133 1560 1290 1633 occidis·
1365 1595 1370 1618 ·
1402 1537 1403 1556 ,

289 1693 346 1750 set
354 1691 466 1774 atque
474 1665 679 1768 abjecisset.
687 1674 914 1742 Totamvero
926 1698 1002 1744 non
1015 1673 1222 1769 abjecerat3
1236 1676 1292 1748 ala

290 1796 392 1867 enim
400 1795 586 1879 restitans,
597 1792 892 1864 sicadcurneam
903 1794 1193 1891 seapplicuerat,
1204 1796 1291 1868 util-

289 1914 366 1984 linc
382 1913 461 1986 sine
469 1910 638 2008 chirurgi
646 1935 719 2008 ope
732 1910 1090 2008 prorsusdimoveri,
1098 1927 1135 1983 ct
1145 1913 1292 2010 regluti-

288 2032 460 2102 narinon
478 2029 653 2128 potuerit.
664 2030 860 2125 Suaigitur
870 2028 1083 2101 adhaesione
1095 2030 1291 2120 irritando,

289 2144 1292 2246 ejusmodimoveratinflammationem,utcircumtur·

288 2266 464 2366 gentihus
480 2261 642 2346 fibrillis,
660 2278 696 2333 et
717 2265 882 2334 minimis
897 2265 1074 2352 vasculis,
1092 2266 1170 2338 haec
1190 2267 1293 2338 ulce-

288 2385 341 2454 ris
365 2379 517 2467 labella,
541 2379 598 2449 ala
623 2393 749 2450 autem
772 2381 835 2451 illa
862 2383 1108 2454 crassiusculo
1130 2382 1291 2456 humore

290 2499 428 2586 obsita,
456 2522 526 2595 per
545 2498 745 2595 ipsumque
766 2514 993 2597 transpecta,
1018 2500 1214 2572 sordidum
1233 2501 1292 2573 ul-

289 2618 384 2690 ceris
410 2613 572 2684 fundum
600 2617 833 2688 mentiretur.
861 2624 969 2690 Certe
994 2620 1074 2716 ipsa
1104 2618 1290 2708 detracta,

289 2735 472 2807 contiuuo
488 2731 666 2804 omnibus
681 2735 719 2804 in
735 2735 868 2806 melius
886 2737 1022 2824 versis,
1037 2739 1131 2824 cit0,
1150 2761 1194 2806 ac
1206 2735 1290 2806 laci·

288 2853 342 2940 le,
361 2851 464 2922 nulla
481 2851 611 2921 relicta
629 2853 818 2940 cicatrice,
838 2852 1029 2924 convaluit
1041 2854 1185 2926 oculus.
1203 2857 1288 2924 Non

289 2995 372 3044 sum
395 2970 564 3050 nesciuS,
590 2969 798 3067 Fallopium
817 2986 988 3042 nostrum
1008 2973 1062 3068 (1)
1084 2996 1123 3042 se
1142 2973 1197 3042 bis
1215 2995 1290 3042 esse

282 3113 441 3190 passum
470 3085 596 3157 ulcera
623 3086 815 3157 oculorum
847 3086 1035 3177 scribere,
1068 3114 1117 3159 εκ
1151 3087 1288 3187 illapsu

287 3203 537 3304 quarumdam
563 3229 771 3274 muscarum
792 3209 1044 3290 minimarum,
1075 3231 1157 3303 quae
1182 3206 1288 3278 duroe

288 3338 396 3409 sunt,
411 3321 554 3418 inquit,
573 3334 609 3390 et
626 3327 660 3390 si
673 3319 830 3407 cadant,
849 3321 915 3392 vel
925 3323 1132 3394 illabantur
1147 3328 1186 3392 in
1204 3347 1287 3394 ocu·
1379 3349 1381 3356 ’

289 3437 384 3525 lum,
405 3442 531 3508 statim
549 3441 671 3535 aprum
686 3437 920 3525 exulcerant,
939 3454 977 3510 et
993 3455 1106 3510 noctu
1125 3447 1289 3511 maxime

287 3554 468 3628 mordent.
485 3554 553 3624 Illa
569 3569 694 3626 tamen
713 3580 784 3628 nec
802 3557 973 3644 minima,
992 3580 1064 3628 nec
1083 3556 1198 3645 dura,
1217 3582 1287 3630 nec

318 3909 364 3990 (1)
384 3873 483 3968 Tract.
497 3910 535 3968 de
549 3910 681 3968 Ulcerib.
694 3930 720 3967 c.
737 3909 783 3970 58.
