2832 4662
154 489 223 537 nra.
250 488 290 536 11.
318 488 364 538 nr
389 485 525 538 rennuis
548 485 744 551 ruoracrs,
768 487 880 536 rrrsr.
906 487 980 535 x1x.
1009 463 1079 564 539

6 631 14 676 t
84 618 184 676 extra
201 601 409 700 pulmones.
429 605 570 674 Harum
597 615 718 674 autern
736 601 815 672 aliae
839 601 877 671 in
901 601 1080 692 thorace,

6 753 14 798 ÷:
84 721 160 794 alias
187 733 300 792 extra.
328 723 372 792 Et
390 742 520 792 rursus
538 743 621 818 quae
638 733 741 791 extra
762 718 956 802 thoracem
972 733 1081 806 sunt,

6 871 16 914 :a
83 838 162 910 aliae
181 838 220 908 in
237 837 379 936 capite,
394 836 472 910 aliae
489 837 529 908 iu
543 835 663 924 collo,
678 836 757 908 aliae
768 839 806 909 iu
825 853 966 910 ventre.
986 839 1082 909 Cum

6 993 12 1036 t
66 955 397 1044 antonnacensis,
415 969 471 1026 tot
496 968 536 1050 et
549 967 625 1026 tam
646 954 764 1028 varias
788 954 895 1028 sedes
913 954 1083 1028 habenti-

6 1115 7 1124 κ
83 1073 176 1164 bus,
195 1074 303 1146 tussis
318 1075 478 1164 oriatur,
493 1088 547 1147 est
562 1074 651 1147 alias
666 1097 749 1146 cum
764 1069 953 1162 febribus,
968 1089 1011 1146 ut
1024 1097 1086 1172 ap·

8 1231 16 1272 ;
84 1191 247 1289 pellant,
273 1191 499 1290 corruptivis
528 1215 676 1290 semper
698 1191 970 1292 comparanda,
995 1205 1087 1262 tune

6 1349 13 1390 t}
85 1325 213 1382 autern
243 1308 364 1382 solum
389 1333 476 1382 oum
504 1307 737 1400 salubribus,
772 1326 809 1381 st
836 1308 1088 1409 depurativis,

86 1425 244 1526 quando
262 1449 284 1496 a
301 1427 454 1498 materia
470 1427 590 1498 oritur
612 1450 694 1522 quae
711 1427 747 1496 vi
765 1427 881 1524 ipsius
901 1427 1010 1500 tussis
1028 1447 1090 1515 ex-

6 1569 7 1574 *
86 1543 192 1616 trudi
207 1557 332 1639 queat.
356 1543 434 1614 Etsi
453 1544 555 1614 enirn
573 1539 703 1630 febris,
723 1557 760 1615 et
779 1543 907 1629 tussis,
931 1556 1091 1636 utraque

6 1707 13 1752 ς
86 1687 162 1760 per
179 1685 216 1732 se
236 1659 378 1730 malum
395 1673 470 1748 est;
496 1673 586 1732 tuno
602 1674 763 1756 utraque
780 1673 906 1730 tamen
925 1672 980 1730 est
1002 1656 1096 1726 boni

7 1823 15 1870 ,ι
88 1801 231 1852 causa:
259 1790 491 1874 quapropter
516 1799 561 1849 ex
586 1777 665 1875 ipsa
690 1775 867 1876 corporis·
888 1789 1041 1861 natura,
1062 1786 1099 1843 et

6 1925 7 1960 1
88 1895 381 1982 constitutione,
399 1917 514 1992 quarn
532 1909 703 1966 naturam
721 1915 917 1981 vocamus,
939 1905 1099 1987 utraque

6 2063 12 2108 ἱ
89 2012 232 2101 existit,
244 2001 281 2084 et
290 2012 452 2110 pessimo
462 1997 556 2083 tuno
569 2011 727 2084 oonsilio
735 2010 996 2108 supprimitur,
1007 2031 1102 2105 quae,

6 2217 9 2228 Α
91 2129 126 2202 si
141 2153 221 2200 non
231 2127 397 2217 adesset,
412 2128 578 2227 optanda
591 2125 699 2200 foret.
710 2127 887 2200 Estenim
898 2123 1101 2222 aliquando

6 2305 9 2346 ;
90 2247 138 2318 in
157 2245 402 2342 pul-monibus
428 2247 583 2318 materia
605 2218 786 2344 peccans,
812 2268 883 2318 nec
904 2265 1047 2344 panca,
1066 2257 1103 2312 et

93 2383 185 2456 quae
203 2361 338 2460 expelli
356 2361 492 2462 possit3
516 2362 580 2435 sed
607 2362 712 2436 nulla
736 2377 793 2435 eet
819 2363 929 2434 tussis
949 2374 1105 2459 propter

6 2538 11 2586 ε
94 2477 299 2568 hebetem,
315 2478 602 2553 aodefioientem
619 2503 769 2555 sensum
782 2481 821 2552 in
835 2481 962 2554 tunica
972 2478 1104 2549 intima

93 2596 401 2670 bronchiorum:
430 2623 509 2696 quo
530 2596 685 2672 fortasse
704 2601 863 2672 attinent
881 2597 961 2669 duae
979 2598 1018 2668 in
1038 2599 1103 2668 Se-

95 2715 303 2816 pulchreto
319 2715 598 2790 observationes
614 2721 714 2789 XXV
730 2733 769 2791 et
785 2721 946 2802 XXVII,
967 2730 1053 2788 sect.
1072 2719 1105 2803 I,

6 2901 8 2920 ἲ
97 2831 263 2908 secundi
277 2831 494 2927 hujuslihri.
505 2838 646 2907 Contra
658 2835 1009 2930 autern,pdlrnoues
1018 2832 1106 2928 alias

6 2931 9 3044 J
98 2948 262 3022 materia
278 2946 425 3028 obsidet
444 2961 525 3046 quae
537 2949 642 3020 nulla
659 2950 752 3020 tussi
766 2949 883 3046 possit
894 2949 1032 3035 everri,
1047 2961 1107 3031 ut,

6 3045 9 3058 ⁹
101 3064 271 3165 exempli
288 3089 418 3154 causa,
437 3063 697 3142 observatione
712 3069 805 3152 ΧΠ,
833 3064 945 3160 hujus
962 3065 1014 3132 Ill
1031 3085 1109 3136 sec-

100 3185 244 3272 tionis,
258 3197 320 3256 ant
334 3208 377 3254 ea
392 3207 503 3280 quarn
515 3183 596 3256 aliis
610 3165 1011 3280 litteris(1)descripsi,
1030 3177 1111 3275 pul-

102 3325 270 3374 monum
281 3299 564 3399 tophaceorum.
580 3303 658 3388 Nec
671 3323 777 3375 secus
786 3298 853 3373 tihi
868 3293 1112 3396 cogitandum

105 3431 170 3492 est
186 3417 232 3488 de
249 3418 357 3490 tussis
376 3418 517 3507 causis,
537 3442 630 3516 quas
648 3419 694 3490 ex
710 3417 904 3516 superiore
922 3418 982 3486 via
994 3413 1113 3496 aeris,
1205 3460 1207 3463 v

106 3550 180 3609 aut
196 3533 346 3607 aliunde
362 3537 500 3625 valeat,
516 3551 580 3608 aut
598 3551 760 3634 nequeat
776 3537 857 3634 ipsa
873 3535 984 3606 tussis
1002 3556 1114 3604 excu-

107 3671 214 3727 tere:
229 3676 446 3750 quanquam
457 3653 579 3732 nullas
592 3650 682 3744 fere,
695 3654 782 3728 sitas
796 3667 899 3726 extra
915 3653 991 3724 vias
1001 3651 1116 3737 aeris,

161 4017 206 4096 (ι)
225 4019 317 4098 Epist.
336 4022 387 4096 15,
403 4042 431 4080 n.
447 4043 493 4081 21.
