2812 4660
323 415 393 489 332
487 437 534 486 nu
560 435 706 486 suemus
730 437 775 483 er
800 434 924 484 ctusts
949 435 1164 486 uonaonurr

320 554 546 626 testinorum
580 550 739 646 trajectu
776 564 994 648 cogeretur,
1026 551 1067 625 in
1104 575 1244 650 eosque
1272 555 1320 627 ibi

233 701 238 714 ·
321 672 429 770 quasi
443 671 586 742 varices
606 693 670 740 sua
686 669 836 740 vascula
852 668 1029 758 dilatare,
1047 684 1130 758 aut,
1149 670 1179 742 si
1200 673 1323 762 mavis,

319 788 530 862 lacusculos
551 786 758 884 quosdam,
776 785 986 858 secundum
1006 803 1181 858 naturam
1204 790 1323 861 miuus

317 907 561 1005 conspicuos,
578 905 624 976 ad
642 927 730 976 eum
751 901 906 977 modum
921 903 1144 1002 patefacere.
1156 909 1321 1004 Sanequi

317 1023 506 1122 ejusmodi
535 1022 675 1094 ibidem
701 1021 938 1110 *cisternulam
967 1024 1040 1096 nisi
1071 1024 1178 1117 quod
1206 1027 1321 1122 panici

317 1157 425 1216 erant
452 1139 730 1239 magnitudine,
767 1141 963 1237 conspexit
996 1157 1126 1238 postea
1161 1143 1321 1214 Santori·

316 1259 490 1356 nus(1),
511 1261 590 1356 ipse
609 1279 781 1355 quoque,
797 1272 838 1328 ut
855 1256 1042 1348 Valsalva,
1064 1259 1206 1346 semel,
1236 1275 1271 1332 et
1285 1261 1320 1328 in

317 1402 365 1448 eo
378 1376 471 1447 vidit
488 1399 604 1473 quem
623 1373 862 1446 interfecerat
878 1398 1113 1472 aneurysma.
1131 1377 1321 1473 Cujus‘etti

317 1518 396 1566 non
418 1494 560 1565 indicat
585 1491 735 1580 eedem,
754 1489 808 1563 ibi
833 1507 960 1566 tamen
981 1517 1062 1566 esse
1086 1496 1235 1592 potuit,
1261 1491 1319 1565 ubi

316 1611 417 1710 chyli
444 1627 591 1684 motum
618 1609 849 1682 retardaret:
871 1625 1049 1708 certeque
1073 1613 1154 1710 ipse
1176 1614 1246 1710 qui
1266 1614 1319 1683 via

307 1722 432 1802 'semel
464 1730 606 1828 aliquid
633 1728 821 1826 ejusmodi
853 1729 1123 1818 animadverti,
1149 1732 1191 1802 in
1218 1751 1319 1829 prag·
1395 1711 1396 1786 i

315 1865 430 1922 nante
446 1873 537 1922 cene
556 1848 712 1919 memini
729 1847 1055 1939 animadvertisse,
1073 1865 1116 1920 ut
1134 1870 1317 1947 compret·
1395 1865 1396 1950 i

315 1969 371 2040 sio
391 1967 515 2064 aliqua
536 1967 680 2036 viarum
703 1964 805 2061 chyli
830 1989 909 2036 non
927 1965 1082 2044 deesset.
1107 1969 1316 2064 Utcumque
1395 1969 1396 2008 ¹

223 2173 236 2192 ‘
314 2101 389 2175 est;
409 2081 588 2157 Valsal'vae
606 2085 827 2182 opinionem
845 2085 1087 2172 Santorinus,
1104 2099 1143 2156 et
1156 2111 1230 2183 ego
1249 2087 1319 2184 pla-

315 2229 363 2274 ne
382 2203 738 2302 comprobavimus,
756 2225 843 2274 cum
865 2201 928 2274 itte
951 2225 995 2273 es
1011 2203 1221 2274 cisternulae
1237 2205 1317 2302 ipsis

272 2395 275 2415 Ι
311 2324 462 2395 vascula
478 2345 670 2420 emergere
687 2317 867 2418 chylifera
880 2322 1224 2420 conspexerit,ego
1237 2343 1315 2394 vero

308 2465 394 2510 non
409 2439 448 2510 id
466 2453 634 2526 tantum,
658 2439 723 2513 sed
744 2453 781 2508 et
801 2438 871 2508 alia
889 2438 1036 2509 minora
1055 2461 1140 2535 quae
1165 2461 1230 2512 eas
1246 2439 1315 2510 adi·

312 2571 409 2626 rent.
438 2555 509 2626 Sed
545 2555 593 2626 ad
627 2557 805 2627 certiores
842 2557 1108 2654 gravioresque
1137 2553 1317 2655 propositi

294 2703 296 2713 ·
313 2673 585 2769 aueurysmatie
603 2670 759 2745 effeetus
774 2675 978 2746 veniamus
1394 2721 1395 2770 q

365 2790 420 2862 16.
446 2790 616 2862 Amulto
634 2790 711 2886 jam
734 2806 905 2888 tempore
924 2790 999 2862 hoc
1017 2791 1316 2886 ancurysmain·

313 2909 476 3007 cepisse,
492 2907 663 2979 diuturni
681 2909 735 2978 illi
751 2909 904 2982 dolores
922 2906 1128 2980 ostendunt
1141 2909 1211 3004 qui
1224 2908 1318 2979 sinis·

312 3044 407 3100 tram
431 3027 596 3099 thoracis
619 3042 764 3126 partem
791 3026 1007 3126 gravabant.
1025 3026 1138 3115 Quod
1156 3043 1316 3098 autema

310 3146 466 3218 flatuum
491 3148 692 3245 eruptione
718 3147 977 3233 mitescerent,
997 3159 1147 3248 poterat
1169 3145 1211 3215 id
1237 3143 1315 3214 huic

311 3289 409 3363 aegro
442 3268 660 3364 imponere,
688 3262 1010 3362 quemadmodum
1035 3278 1091 3335 tot
1119 3263 1203 3334 aliis
1229 3259 1314 3342 vidi,

312 3383 417 3454 nulla
436 3405 474 3455 se
488 3398 708 3481 propterea,
728 3382 800 3454 nisi
819 3382 1011 3454 tlatulenta
1025 3433 1034 3469 ,
1050 3377 1315 3452 affectionem·

309 3501 388 3570 xari
406 3500 657 3572 credentibus.
674 3500 822 3572 Scilicet
837 3499 1003 3574 thoracis
1019 3514 1124 3598 parte
1147 3495 1197 3570 ab
1211 3520 1314 3570 aneu·

309 3631 472 3715 rysmate
485 3634 686 3716 occupata,
703 3640 798 3716 saepe
817 3611 1046 3716 oesophagus
1058 3618 1110 3688 ita
1124 3619 1316 3716 premitur,
1393 3669 1394 3688 2

350 3998 394 4077 (ι)
415 4001 488 4056 Obs.
506 4001 595 4056 Anat.
614 4019 639 4055 c.
656 4018 692 4073 9,
709 4003 725 4069 §
742 4019 787 4056 10.
