2842 4672
301 469 348 549 86
469 496 515 545 nn
542 493 687 546 surmus
713 491 756 543 rr
782 492 905 544 causis
931 491 1139 548 monacnum

297 609 535 712 gignebatur,
553 608 827 699 exhauriendre,
845 611 1116 710 'acerebroque
1133 629 1301 687 averten.
1396 627 1397 630 ¹

299 729 355 802 dre
373 730 566 830 potuisset.

349 873 381 946 7.
411 851 455 917 In
475 846 623 917 aurium
645 842 833 915 diuturnis
859 843 1051 934 ulceribus
1076 849 1303 923 vermiculos
1397 889 1398 902 ι

298 967 415 1054 nasci,
429 985 516 1036 cum
535 961 637 1033 haud
650 959 870 1060 infrequens
885 963 986 1060 apud
1001 965 1194 1040 medicinae
1214 970 1298 1040 scri-

297 1073 446 1182 ptores,
458 1095 539 1151 turn
555 1086 767 1176 pervetusta
779 1077 991 1153 observatio
1007 1097 1079 1170 est,
1094 1099 1136 1154 ut
1153 1107 1197 1156 ex
1212 1086 1301 1156 Dio·

300 1197 471 1283 scoride,
489 1183 652 1284 Calene,
681 1198 789 1268 Aetio
807 1195 973 1269 ostendit
989 1195 1205 1274 Dodonaeus
1224 1201 1277 1298 (r)
1295 1229 1303 1270 :
1398 1211 1399 1302 J

297 1315 444 1415 quibus
471 1313 702 1410 antiquiores
729 1313 823 1385 alios
851 1312 973 1402 adde,
997 1335 1043 1388 ex
1071 1318 1211 1415 quibus
1233 1317 1304 1389 Pli-
1398 1333 1399 1350 .

301 1435 389 1505 nius
407 1431 462 1531 (a)
479 1429 646 1502 remedia
663 1431 807 1528 accepit
825 1427 978 1502 auriens
995 1440 1213 1539 verminosis
1230 1437 1305 1508 ins·

220 1581 223 1588 ’
298 1542 470 1636 dilaudas,
483 1547 532 1620 ad
549 1549 772 1620 vermiculos
789 1555 827 1619 in
839 1549 896 1620 his
909 1549 1109 1624 necandos.
1124 1555 1211 1623 Non
1231 1552 1305 1626 dis-

302 1667 459 1768 plicebit
482 1681 630 1756 tamen,
654 1669 683 1738 si
706 1683 850 1765 quanto
877 1664 1047 1767 graviora
1074 1671 1305 1768 malequam

298 1791 503 1868 {annonas
522 1783 599 1882 (3),
621 1799 658 1857 et
672 1783 831 1858 Behrius
850 1786 904 1884 (Δ)
919 1786 1163 1876 adnotarunt,
1182 1788 1209 1856 ii
1222 1811 1307 1860 ver·
1399 1873 1400 1882 ἵ

304 1905 435 1976 miculi
445 1905 587 1976 cierent
595 1903 635 1973 in
643 1904 796 1999 juniore
809 1921 991 1993 matrona,
1004 1903 1210 2000 subjecero.
1223 1909 1309 1975 For·

303 2037 341 2094 te
368 2043 469 2094 eram
494 2045 581 2094 curu
609 2022 779 2094 Valsdva
802 2024 841 2092 iu
872 2023 953 2120 ejus
978 2022 1309 2122 patria,c11milla

305 2139 410 2212 hunc
426 2140 536 2228 adiit,
551 2139 794 2236 narravitque
805 2159 865 2228 se,
881 2157 964 2237 qum
979 2155 1016 2211 et
1032 2139 1121 2210 oiim
1133 2139 1242 2238 virgo
1260 2141 1308 2211 si-

304 2256 423 2327 nistra
441 2281 531 2328 aure
550 2253 725 2326 edidisset
742 2277 931 2345 vermem,
953 2257 1112 2328 alterum
1137 2271 1223 2328 ante
1245 2277 1309 2330 sex
1400 2341 1401 2348 ἵ

297 2371 392 2444 illos
419 2395 565 2445 menses
595 2377 753 2448 minoris
779 2375 976 2475 bombycis
1001 2377 1121 2450 formu
1147 2378 1309 2452 edidisse
1400 2419 1401 2428 .

309 2502 396 2585 post
413 2489 511 2559 auris
529 2489 629 2561 illius
646 2490 838 2582 dolorem,
855 2509 892 2566 et
905 2498 1083 2594 proxime
1100 2494 1254 2586 frontis,
1268 2521 1311 2568 ac

271 2641 273 2644 ·
307 2605 501 2700 temporis,
520 2608 597 2702 qui,
617 2631 743 2681 verme
760 2631 845 2683 curu
862 2635 957 2712 pure
971 2616 1109 2710 ejecto,
1125 2615 1308 2687 desierat:

305 2721 363 2792 Ab
378 2745 423 2793 eo
440 2735 566 2795 autem
583 2725 645 2796 die
663 2751 742 2799 non
763 2732 878 2803 semel
899 2753 970 2831 per
991 2735 1093 2805 varia
1114 2733 1309 2806 intervalla

307 2835 440 2911 dolore
457 2839 593 2912 eodem
612 2861 838 2944 correptam,
847 2850 917 2921 sed
932 2853 1087 2940 acriore,
1099 2865 1141 2922 ut
1151 2867 1309 2950 repente

302 2955 474 3047 caderet,
488 2959 659 3034 sensibus
670 2963 801 3037 orbata
812 2966 858 3037 ad
871 2967 986 3041 horas
995 2963 1105 3058 duas,
1117 2967 1243 3041 donec
1253 2991 1312 3042 so-

307 3073 388 3146 luto
401 3076 589 3150 doloread
603 3105 641 3153 se
659 3057 823 3174 rediens,
838 3087 1047 3186 paulopost
1060 3089 1312 3160 vermiculum

304 3213 526 3268 excerneret
543 3199 625 3296 pari
639 3197 774 3289 forma,
793 3202 859 3275 sed
873 3206 1078 3294 minorem,
1092 3199 1314 3278 remanente

308 3310 389 3404 ejus
413 3316 514 3385 auris
541 3316 736 3406 surditate,
772 3321 868 3393 cutis
902 3338 1026 3396 autem
1052 3326 1313 3423 proximarum

308 3430 472 3533 partium
483 3447 650 3531 stupore,
662 3439 1313 3539 eumprurituquodamconjuncto.

409 3751 517 3807 Medic.
530 3754 602 3809 Obs.
614 3757 745 3831 Exempl.
755 3777 814 3814 rar.
827 3759 859 3813 in
871 3761 983 3818 Annot.
997 3761 1036 3818 ad
1042 3763 1154 3819 Valesc.
1166 3763 1311 3820 Tharant.

409 3849 479 3904 Nat.
496 3844 610 3907 nissi.
626 3872 679 3926 2¹0,
693 3877 719 3912 c.
738 3866 771 3925 14
785 3869 814 3913 et
829 3865 876 3924 ud.

410 3943 484 4020 Eph.
500 3951 538 4004 Ν.
555 3951 587 4006 C.
605 3954 688 4009 Cent.
704 3954 731 4025 5,
741 3957 809 4013 obs.
824 3971 872 4028 ¹7n.
