2842 4672
221 459 291 526 mul
320 467 344 525 t.
373 467 419 527 bd
445 469 583 527 Moatra
606 469 765 544 osmtrs,
791 460 902 530 sitsi.
929 475 1009 528 xtra.
1077 483 1115 530 ιι

109 592 288 665 brassica.
311 593 459 665 Scilicet
476 592 659 692 adprime
675 611 881 692 suppressae
895 591 1122 670 insensibilis

110 710 422 809 perspiratiouis,
449 726 486 783 et
511 712 681 784 ineuntis
704 693 819 784 ‘febris
842 711 999 798 indicia,
1022 711 1121 804 bene

110 839 271 926 opertus
288 827 564 900 decumbebam
574 869 589 918 ,·
598 830 863 928 tutissimeque
878 831 1049 900 omnium
1059 835 1121 903 're-

110 945 241 1016 medio
261 944 414 1034 utebar,
435 963 625 1045 perpauco
645 947 841 1036 aliment0,
858 969 980 1046 eoque
991 945 1120 1038 fluido,

109 1073 224 1134 tuane
237 1071 362 1134 autem
376 1062 486 1134 diluti
500 1065 595 1160 juris
607 1087 728 1138 tanum
741 1080 805 1137 aut
819 1059 977 1138 alterum
996 1087 1123 1137 vascu-

108 1183 192 1253 ltt‘m
211 1180 345 1269 calidi,
365 1187 408 1252 ut
428 1183 577 1272 omnia,
596 1183 796 1272 bibebam,
818 1181 1043 1281 quietusque
1058 1207 1124 1256 ex·

110 1293 313 1399 pectebant
326 1298 424 1385 ,dum
438 1322 507 1399 per
525 1316 669 1391 cutem,
686 1316 750 1374 aut
767 1325 836 1400 per
854 1301 1035 1389 vesicam,
1060 1315 1125 1374 aut

109 1430 181 1516 per
205 1416 306 1488 hanc
329 1433 531 1516 utramque
553 1419 724 1518 prodiret
749 1421 868 1508 viam3
895 1433 987 1490 tunc
1007 1440 1124 1516 porro
1161 1447 1163 1453 ·

107 1529 289 1624 tertium,
312 1547 351 1608 et
370 1551 548 1634 quartum
572 1534 767 1610 addebam.
789 1537 847 1608 sic
861 1533 978 1638 ¹febris
995 1539 1069 1608 cito
1085 1557 1125 1609 se

110 1652 347 1742 remittebat,
357 1671 483 1752 neque
495 1655 546 1726 ita
555 1656 677 1727 multo
688 1671 773 1754 post
788 1646 931 1743 abibat,
944 1655 1016 1726 nisi
1028 1649 1124 1726 forte

110 1772 375 1870 intempestive
386 1787 539 1870 surgere
552 1771 743 1862 auderem,
759 1787 795 1845 et
807 1795 945 1872 corpus
958 1771 1124 1844 necdum

109 1891 200 1961 satis
226 1887 494 1960 confirmatum
522 1892 630 1962 novis
655 1893 750 1962 aeris
775 1889 923 1984 injuriis
946 1889 1122 1985 objicere.

113 2006 232 2078 Porro
246 1993 743 2079 eamdem-constitutionem
763 2006 898 2078 eodem·
915 2029 1013 2103 pene
1030 2021 1126 2078 tem-

111 2141 211 2223 pore
226 2123 301 2196 late
309 2145 382 2223 per
391 2121 569 2213 Galliam,
583 2123 900 2220 Germaniamque
919 2147 997 2195 esse
1015 2145 1128 2221 vaga-

112 2258 210 2332 tam,
234 2241 471 2332 audivimus3
491 2259 533 2314 ut
552 2241 600 2314 de
613 2231 703 2314 'aliis
727 2236 958 2338 ejuscemodi
971 2239 1068 2334 aiias
1087 2241 1127 2310 in

114 2360 356 2433 medicorum
376 2358 482 2432 libris
504 2361 663 2432 relatum
686 2359 856 2456 legimus.
875 2339 1048 2449 Quorum
1063 2358 1128 2429 ali·

114 2493 215 2577 quas
239 2475 549 2552 commemoravit
564 2475 620 2549 io.
643 2473 797 2549 Godofr.
818 2477 1001 2576 Bergerus
1020 2477 1060 2546 in
1085 2499 1129 2547 ea

97 2595 382 2669 'dissertatione
409 2595 465 2694 (1)
483 2618 598 2694 quam
624 2593 716 2666 oiim
737 2593 809 2668 sub
833 2593 1022 2664 avunculo
1045 2595 1127 2665 Fas·

109 2714 207 2785 chio
237 2716 459 2813 proposuit,
487 2709 663 2785 videlieet
685 2708 888 2811 epidemios
911 2713 1127 2798 catarrhos,

113 2831 367 2931 pentasemo
389 2827 482 2930 1675
495 2851 568 2928 per
583 2831 795 2924 totamfere
808 2833 1048 2903 Germaniam
1059 2851 1128 2901 sm

115 2956 226 3036 viere,
244 2963 283 3019 et
300 2971 326 3020 a
338 2949 494 3021 Fbresto
514 2947 570 3021 l.'6
587 2945 821 3046 obsera.3(id
833 2962 897 3019 est.
908 2969 1010 3018 anno
1025 2945 1128 3036 1580,

113 3085 190 3168 per
209 3065 396 3166 Belgium,
412 3065 676 3156 Germaniam,
694 3063 912 3161 etGalliam)
929 3085 1088 3137 necnon
1104 3088 1129 3132 a

119 3185 283 3258 Vaaemo
294 3183 342 3256 de
359 3185 527 3256 Taranta
540 3181 822 3286 Montispessnli
834 3203 936 3254 anno
957 3181 1047 3278 1387
1060 3204 1129 3250 an·

113 3307 245 3374 notata
260 3317 368 3374 stant:
386 3323 464 3399 quo
482 3303 635 3400 quidem
655 3325 755 3375 anno
772 3302 811 3372 in
823 3299 965 3370 AEmilia
978 3321 1130 3396 quoque

115 3445 223 3509 mea,
240 3420 353 3518 longe
370 3419 495 3492 adeoa
512 3420 631 3491 Gallia
649 3419 788 3506 dissita,
798 3401 976 3514 'januario
989 3440 1130 3503 mense,

116 3539 337 3640 epidemicae
356 3552 476 3610 tusses
497 3563 584 3610 cum
607 3537 809 3624 catarrhis,
833 3551 870 3608 et
889 3537 999 3606 lentis
1015 3533 1132 3644 febri-

117 3656 191 3731 bus
207 3671 349 3755 vagatae
365 3670 451 3728 sunt
465 3655 533 3744 ita,
553 3671 595 3726 ut
612 3654 754 3754 nemini
769 3668 986 3756 parcere-nt,
1002 3677 1131 3750 quam·

160 4017 206 4096 (1)
225 4020 271 4077 De
286 4016 398 4075 Circul.
413 4012 571 4094 Lymphae,
587 4037 612 4076 c.
628 4036 661 4091 a,
676 4021 701 4088 5.
717 4035 745 4090 7.
