2832 4662
756 245 763 284 l

178 458 246 518 tm.
273 455 314 503 tt.
342 443 389 501 'nr
414 449 551 499 nortus
576 451 773 518 morters,
798 450 910 502 sarar.
937 455 997 500 xx.
1027 429 1099 529 569

93 587 210 644 terea
226 583 332 669 parte
356 587 430 665 qua
447 562 640 663 spectabat
666 565 841 654 dorsum,
866 567 975 640 valde
993 568 1105 642 rube-
1216 573 1222 586 ‘

92 687 160 762 bat
177 717 185 759 ε
205 687 429 760 induruerat
445 705 623 781 quoque;
640 683 767 755 minus
784 699 910 757 tamen
930 709 1040 783 quam
1062 687 1102 756 in

96 805 178 878 aliis
204 803 299 877 solet
324 801 648 901 peripneumoniis
667 827 675 871 :
695 803 792 874 circa
821 802 986 876 medium
1011 827 1101 874 vero

96 923 201 1023 gigni
223 923 324 994 intus
349 933 519 1019 coeperat.
530 919 686 992 materia
709 919 921 1019 purulenta.
947 920 1103 993 Sinister

95 1040 228 1140 pulmo
250 1061 272 1109 a
295 1053 402 1136 tergo
426 1036 568 1136 pariter
585 1035 673 1109 leve
703 1036 1008 1110 inflammationis
1031 1039 1102 1108 ini·
1144 1139 1145 1144 ἵ

92 1157 189 1228 tium
204 1154 378 1228 ostendit.
391 1151 643 1228 Pericardium
660 1179 769 1254 raquo
779 1171 858 1228 erat
870 1156 1050 1244 crassius,
1064 1169 1101 1226 et

92 1271 316 1347 flavescente
335 1296 421 1345 sero
438 1270 610 1370 turgebat
629 1299 637 1342 τ
657 1299 703 1345 ex
717 1273 909 1372 hujusque
922 1274 995 1347 seri
1006 1293 1099 1344 con-

93 1406 197 1464 creta
216 1391 390 1492 portione
406 1389 514 1485 quasi
534 1390 733 1462 reticulare
750 1390 945 1488 quoddam
960 1415 1099 1492 corpus

93 1505 271 1582 ellectum
288 1521 368 1580 erat
383 1520 547 1636 tumper
565 1506 740 1579 extimam
760 1507 906 1596 cordis,
920 1522 1002 1579 tum
1030 1535 1099 1607 per

92 1626 266 1698 intimam
279 1621 480 1722 pericardit
498 1619 629 1694 faciem
649 1649 658 1691 :
676 1647 751 1718 qua
765 1645 910 1721 pressa,
925 1627 997 1698 seri
1016 1641 1099 1722 gut·

94 1742 182 1815 tulae
199 1737 457 1839 erumpebant.
475 1739 607 1812 Cordis
618 1741 851 1812 ventriculus
863 1740 993 1814 dexter
1009 1717 1099 1812 con·

95 1859 238 1932 tinebat
257 1857 478 1956 polyposam
493 1859 788 1930 concretionem.

96 2042 99 2048 ,
144 2003 201 2050 21.
219 1976 380 2058 Historia
396 1972 554 2046 haecubi
568 1974 764 2046 dexterum
781 1975 1002 2074 pulmonem
1019 1975 1097 2049 des·

95 2093 229 2181 ctibit,
261 2093 496 2164 occasionem
527 2091 621 2164 mihi
644 2093 786 2191 praebet
809 2093 966 2165 atteram·
988 2091 1098 2189 subji-

95 2207 242 2282 ciendis
262 2208 330 2281 ubi
348 2233 439 2281 vero
467 2231 591 2281 serum
618 2213 658 2280 in
680 2207 853 2294 thorace,
879 2224 916 2281 et
934 2210 1096 2308 pericar-

96 2325 181 2414 dio,
202 2325 291 2398 alias
308 2326 444 2423 plures.
465 2326 547 2399 Uta
564 2326 687 2426 primo
701 2325 1023 2424 incipiam3verba
1033 2326 1097 2398 illa

95 2441 322 2515 attendenda
334 2459 441 2530 sunt,
456 2444 678 2544 pulmonem
694 2428 905 2544 induruisse
924 2443 1100 2542 quidem,

94 2560 221 2632 minus
231 2575 355 2632 tamen
370 2584 483 2659 quam
495 2563 534 2632 in
549 2561 631 2633 aliis
649 2563 744 2634 solet
758 2562 1092 2662 peripneumoniis.

92 2677 266 2776 Plerique
284 2694 409 2750 autem
433 2678 587 2753 credere
609 2678 802 2768 videntur,
822 2680 1016 2779 pulmonis
1035 2681 1094 2750 in·

91 2792 385 2866 flammatiouem
401 2797 442 2865 in
458 2795 599 2870 rubore
614 2793 730 2869 ferme
745 2799 970 2869 consistere:
988 2797 1093 2894 quod

92 2909 298 3007 aliquando
316 2910 399 2982 fieri
414 2934 540 3008 posse,
564 2936 644 2982 non
663 2926 718 2984 est
735 2913 968 3012 negandum,
986 2927 1029 2984 nt
1044 2914 1094 2984 si·

93 3027 250 3124 quaudo
269 3027 317 3100 de
335 3052 472 3125 genere
496 3042 550 3100 est
574 3028 730 3126 legitimi
755 3029 996 3127 erysipelatis.
1021 3033 1093 3102 ve-

92 3169 180 3216 rum
200 3147 239 3216 in
265 3145 454 3243 plerisque
472 3143 854 3234 inflammationibus,
870 3145 1010 3218 densus
1023 3145 1094 3216 du·
1181 3137 1183 3146 ’

92 3285 235 3360 rusque
243 3259 285 3333 fit
295 3263 437 3360 pulmo.
453 3261 566 3352 Quod
586 3262 686 3333 inter
700 3276 852 3334 caeteros
866 3277 953 3361 post
972 3263 1093 3336 Coite·

89 3404 196 3467 rum,
210 3378 440 3474 cujusverba
449 3379 564 3476 uliam(¹
570 3377 605 3474 1)
619 3377 826 3478 proferam,
838 3381 1092 3454 Guarinonitts

89 3495 202 3585 olim,
222 3512 264 3568 ut
275 3494 398 3568 ‘babes
414 3497 453 3567 in
471 3496 716 3594 Sepulcbreto
733 3497 803 3595 (a),
817 3486 1089 3571 animadvertit.

90 3619 193 3687 Raro
202 3668 214 3702 ‚
228 3614 369 3712 inquit,
389 3619 427 3684 in
443 3615 893 3713 cadaveribuspleuritide
910 3622 1093 3694 extincto·¹

86 3789 263 3812 n—h—-u

127 3899 171 3977 (ι)
192 3901 284 3977 Epist.
300 3921 355 3972 21,
373 3922 404 3957 n.
419 3899 467 3956 38.

129 3998 173 4078 (a)
194 4001 269 4058 Sect.
283 4002 340 4058 hac
356 4009 372 4070 4
390 4002 421 4057 iu
433 4000 583 4060 Addiltnn.
600 3999 664 4056 obs.
681 4017 710 4056 a.
