2832 4662
311 469 380 542 538
480 494 527 538 un
554 491 702 540 sumnus
728 491 772 538 nr
797 488 920 538 cnusls
945 489 1157 540 uonnoauu

309 605 461 680 tandem
485 604 589 676 velut
616 631 662 676 ex
682 603 1014 692 convulsionibus‚
1043 601 1229 677 suffocata
1251 623 1320 680 est

307 721 1319 823 Abdominediducto,animadversumexteriusinipsa

308 841 406 918 uteri
425 839 630 914 substantia
661 854 715 912 est
745 838 1007 928 tuberculum,
1037 864 1174 912 eorum
1198 841 1319 916 simile

309 985 392 1058 quae
404 956 1319 1048 nattevocitautur.Thoraccautemreclu50,ma·

311 1074 699 1179 gnaearteriaeinitium
708 1088 964 1172 repertumest
975 1097 1015 1144 ea
1025 1074 1218 1172 parietum
1230 1101 1322 1150 cras·

309 1193 491 1280 situdiue,
510 1205 550 1263 ut
563 1192 658 1262 vasis
670 1192 911 1288 capacitatem
927 1216 1003 1262 nou
1018 1216 1154 1290 parum
1173 1195 1318 1266 minue·

309 1325 377 1386 ret.
398 1315 442 1380 In
461 1333 503 1383 ea
523 1323 601 1380 erat
618 1309 753 1385 arteria
771 1309 938 1406 sanguis;
957 1309 1021 1380 sed
1044 1311 1170 1382 multo
1188 1315 1319 1411 copio-

310 1427 438 1520 sinsin
455 1424 716 1523 pulmonibus,
737 1451 834 1523 quos
851 1427 1113 1525 praegravabat.

360 1541 415 1618 52.
437 1547 690 1643 Quaecumque
713 1544 867 1618 demum
891 1571 1001 1618 causa
1018 1543 1132 1618 fuerit
1156 1547 1199 1616 in
1226 1559 1320 1619 arte·

201 1737 204 1746 ,
308 1663 417 1732 riosis
430 1661 634 1759 parietibus
652 1661 835 1756 ejusmodi
852 1661 1107 1734 crassitudinis
1126 1688 1213 1760 quae
1227 1664 1319 1735 vasis

309 1773 497 1852 minueret
516 1769 776 1877 capacitateml,
801 1781 909 1875 cujus
933 1781 987 1852 rei
1006 1780 1046 1852 in
1069 1780 1153 1852 aliis
1173 1782 1317 1851 arteriis

243 1947 247 1951 ,
310 1897 522 1994 exemplum
540 1895 656 1968 habes
675 1897 775 1994 apud
794 1898 967 1970 Littrium
984 1896 1057 1993 (1);
1076 1895 1318 1970 manifestum

311 2029 384 2104 est,
396 2013 446 2084 ob
464 2015 656 2112 angustius
669 2011 808 2085 factum
826 2015 970 2088 arteriae
982 2013 1152 2103 initium,
1174 2014 1319 2112 sangui·

310 2155 398 2202 nem
416 2157 494 2202 non
511 2131 584 2202 nisi
594 2131 732 2202 minori
746 2131 874 2229 copia,
888 2147 924 2206 et
934 2132 1072 2204 minori
1087 2131 1125 2201 vi
1138 2155 1210 2228 per
1221 2131 1317 2201 hane

311 2249 450 2338 emitti,
468 2264 505 2320 et
525 2250 742 2347 promoveri
762 2251 940 2348 potuisse.
959 2254 1091 2348 Itaque
1110 2249 1152 2320 in
1170 2247 1243 2320 bac
1260 2249 1317 2317 in-

309 2382 444 2438 ventus
463 2380 538 2455 est3
565 2367 630 2438 sed
655 2368 768 2465 longe
791 2367 926 2462 majori
945 2368 1053 2464 copia
1069 2367 1110 2438 in
1128 2365 1316 2465 pulmoni·

308 2482 401 2571 bus,
419 2508 583 2580 quorum
598 2486 637 2556 in
653 2485 749 2558 vasis
763 2499 869 2560 tanto
886 2484 972 2583 plus
986 2484 1066 2579 ejus
1082 2484 1241 2582 congeri
1255 2506 1315 2554 ne·

310 2623 410 2671 cesse
428 2616 528 2688 erat,
554 2616 698 2697 quanto
717 2602 843 2676 minus
858 2614 1005 2699 poterat
1024 2601 1062 2673 in
1082 2617 1229 2672 acutam
1247 2602 1315 2670 im-

309 2717 416 2786 mitti.
435 2720 488 2787 Ex
503 2715 617 2812 hujus
634 2717 749 2816 igitur
770 2719 941 2816 angustia
964 2734 1001 2792 et
1020 2714 1205 2806 difficilis,
1223 2742 1316 2816 prae-

310 2834 435 2904 sertim
449 2850 554 2906 moto
564 2860 738 2934 corpore,
753 2836 945 2916 oriebatur
961 2836 1179 2934 respiratio,
1194 2831 1316 2907 etsuf-
1412 2851 1413 2860 ’

308 2949 445 3023 locatio
463 2951 626 3051 denique
647 2969 732 3027 nata
750 2969 814 3026 est.
834 2953 908 3025 Sed
923 2953 970 3024 de
993 2952 1066 3023 hac
1080 2952 1169 3024 satis
1188 2975 1316 3051 super·
1352 2971 1354 2974 ·

309 3095 394 3167 que.
416 3069 618 3167 Reliquum
635 3085 707 3158 est,
725 3096 773 3142 ne
791 3070 842 3145 ob
861 3093 1050 3169 perpauca
1067 3093 1151 3166 quae
1161 3067 1210 3141 de
1228 3069 1316 3141 tussi

309 3187 508 3260 scribenda
527 3187 668 3278 habe0,
698 3187 926 3286 peculiarem
953 3183 1151 3260 conficiam
1180 3188 1317 3284 episto-

307 3306 398 3392 lam,
419 3321 461 3377 ut
478 3305 568 3380 huic
586 3307 648 3379 illa
674 3305 810 3382 addam
831 3307 975 3404 potius,
994 3303 1317 3402 quemadmodum

307 3423 416 3492 initio
437 3407 627 3520 pollicitus
651 3447 743 3494 sum.

359 3539 414 3611 53.
435 3543 557 3612 Tussis
570 3565 705 3629 causae,
718 3566 798 3612 non
813 3563 919 3612 secus
937 3563 979 3610 ac
992 3538 1082 3610 laesae
1099 3538 1316 3635 respiratio-

309 3660 368 3730 nis
383 3655 458 3755 (2),
489 3657 566 3729 aliae
587 3658 741 3755 quidem
772 3659 811 3728 iu
834 3654 1082 3755 pulmonibus
1101 3667 1212 3743 sunt,
1241 3652 1318 3723 alia

210 3810 1319 3858 ,“
1414 3813 1415 3866 J

353 3944 397 4020 (ι)
419 3944 509 3998 Mem.
525 3940 562 3997 de
573 3940 684 4013 l’Acad.
700 3944 732 3996 R.
747 3940 798 3998 des
816 3941 931 4002 Sciens.
951 3957 1001 3998 en.
1019 3957 1107 4012 17¹²·

356 4040 400 4116 la)
421 4040 490 4097 Vid.
506 4039 599 4114 Epist.
617 4039 669 4112 15,
684 4059 713 4096 u.
729 4039 757 4096 3.
997 4061 1000 4066 ·
