2766 4670
322 430 390 478 110
484 430 531 477 ot
557 427 704 478 sumnus
729 429 773 478 ttr
796 429 923 480 ctusts
949 431 1161 486 MORBORUM

319 541 423 643 quod
449 542 503 615 ibi
531 565 636 618 ossea
662 542 833 641 quedem
858 545 965 642 qussi
996 546 1140 636 instita,
1170 547 1330 650 oblique

316 661 447 752 dueta,
469 659 706 760 superficiem
718 662 815 759 septi
829 662 1054 753 extollebat,
1072 681 1114 742 ut
1126 690 1332 767 propemo

315 780 409 852 dum
428 777 665 879 superficiem
684 780 923 877 contingeret
947 784 1215 880 respondentis
1237 791 1331 862 ossis

315 899 513 972 turbinati.
533 896 682 968 Modica
697 921 783 995 pars
805 897 868 970 illa
884 913 983 988 erat,
995 915 1039 976 ut
1054 900 1148 992 dixi,
1161 903 1232 976 sed
1245 931 1328 1004 qun

315 1042 397 1090 non
422 1015 612 1088 modicum
642 1014 799 1088 allatura
825 1031 921 1090 esset
953 1016 1142 1118 chirurgis
1163 1021 1330 1122 impedi·

315 1149 500 1207 mentum.
521 1133 585 1206 His
609 1146 711 1206 certe
725 1132 879 1206 errandi
904 1135 1119 1232 periculum
1139 1154 1244 1214 creat
1263 1143 1329 1240 qui

315 1255 357 1324 in
376 1253 421 1324 iis
433 1250 622 1351 partibus,
642 1275 725 1349 quse
741 1253 868 1324 minus
886 1251 1007 1328 oculis
1022 1257 1328 1354 expositaesunt,

316 1372 446 1444 omnia
472 1371 580 1468 quasi
607 1383 789 1468 perpetua
811 1369 1021 1446 describit:
1045 1374 1175 1452 utilior
1201 1391 1329 1450 autem

316 1504 374 1566 est
389 1491 420 1564 is
441 1489 529 1588 qui,
553 1501 619 1559 aut
638 1511 733 1585 sepe
758 1503 824 1560 aut
840 1488 1054 1582 interdum,
1073 1517 1158 1591 quae
1180 1497 1325 1569 variare

316 1610 484 1709 possint,
505 1605 680 1682 ostendit.

371 1752 425 1826 ¹7·
446 1731 527 1798 Jam
550 1749 641 1798 vero
656 1725 807 1800 omissis
830 1726 1122 1822 questionibus,
1142 1730 1225 1804 huc
1250 1759 1328 1804 non

315 1847 405 1922 satis
421 1842 688 1932 attinentibus,
707 1867 790 1940 quoe
800 1843 1063 1918 observatione
1080 1851 1148 1920 VII
1166 1850 1327 1948 adjecto

316 1991 393 2065 que
417 1964 564 2038 scholio
579 1964 620 2032 in
637 1960 887 2058 Sepulcbreto
907 1981 1197 2062 proponuntur,
1213 1993 1266 2040 an
1283 1971 1327 2042 si-

315 2109 438 2158 nuum
457 2080 677 2156 frontalium
699 2077 921 2156 membrana
941 2078 1102 2156 olfactui
1127 2086 1325 2174 inserviat,

314 2203 356 2276 in
369 2203 489 2298 iisque
507 2198 645 2273 odores
664 2195 856 2272 interdum
873 2197 1014 2272 diutius
1025 2199 1257 2294 inhereant,
1268 2229 1325 2276 ve·

315 2321 373 2396 lut
399 2321 440 2392 in
463 2343 509 2392 eo
539 2315 713 2414 exemplo
740 2316 847 2418 quod
868 2319 908 2390 in
933 2317 1086 2392 laudato
1103 2320 1325 2396 stonense·

315 2438 416 2510 libro
427 2460 509 2535 pag.
524 2435 643 2533 leges,
657 2459 737 2510 non
755 2461 843 2525 rto,
861 2435 926 2510 sed
942 2461 1008 2510 122
1020 2439 1324 2536 etsequentibus,
1381 2425 1382 2490 l

316 2570 360 2632 ut
383 2555 521 2629 certius
543 2553 658 2640 scias,
684 2550 842 2628 fetorem
870 2554 1027 2652 quidem
1047 2556 1217 2629 morbidi
1236 2583 1325 2631 eor·

314 2674 436 2774 poris,
455 2697 535 2746 non
549 2673 674 2744 morbi
686 2687 836 2760 temen,
851 2686 895 2744 ut
903 2673 995 2746 alibi
1008 2675 1160 2773 legeris,
1175 2675 1325 2748 lethalis

314 2795 356 2868 in
367 2791 586 2866 mercatoris
602 2789 760 2864 naribus
772 2792 906 2889 viginti
915 2792 1108 2889 ipsosdies
1116 2793 1323 2868 inhaesisse:

313 2910 373 2984 his
387 2909 502 3010 igitur
519 2909 684 2993 omissis,
704 2907 811 3006 quod
825 2908 877 2982 sd
900 2909 1061 3010 polypos
1074 2913 1229 2984 narium
1244 2914 1325 2986 atti·
1379 3005 1380 3008 Ἴ

311 3045 397 3121 net,
415 3031 455 3102 in
468 3028 651 3127 proximis
664 3025 990 3101 observationibus
1002 3043 1236 3104 memoratos
1247 3053 1326 3129 ,op-

313 3147 471 3226 tandum
492 3144 644 3232 fuisset,
662 3169 711 3217 ne
726 3144 772 3217 iis
786 3144 827 3216 in
849 3144 1004 3219 scholiis
1026 3173 1108 3245 quse
1125 3150 1179 3218 tx
1195 3147 1322 3222 obser·

311 3266 455 3342 rationi
482 3263 649 3360 subjecta
679 3277 793 3353 sunt,
812 3261 967 3336 illorum
983 3279 1128 3339 namra,
1149 3279 1185 3338 et
1215 3269 1322 3364 origo

311 3383 360 3458 ad
376 3407 437 3458 eas
452 3380 658 3458 referretur
671 3382 935 3460 concretiones
949 3384 1274 3484 polyposamquae
1286 3386 1322 3454 in

313 3501 417 3576 duroe
434 3500 622 3598 meningis
639 3497 787 3572 sinibus
798 3499 903 3573 haud
913 3527 1002 3577 rato
1014 3501 1321 3600 conspiciuntur:

312 3643 534 3720 quenquam
551 3615 649 3690 illud
668 3616 822 3690 tandem
833 3616 1009 3706 eddium,
1026 3643 1080 3690 nn
1098 3617 1176 3708 bae,
1190 3619 1322 3721 illique

313 3737 480 3838 ‹eJ'usdem
497 3741 574 3808 sint
590 3734 748 3824 indolis,
770 3736 925 3809 ulterius
943 3762 1019 3809 esse
1029 3736 1320 3840 disquirendum.

313 3859 496 3928 Caeterum
521 3852 593 3956 ipsi
616 3856 767 3926 narium
794 3857 926 3956 polypi
943 3859 1085 3931 variam
1108 3872 1191 3929 tum
1214 3873 1320 3930 natu·

312 3997 415 4062 ram,
432 3988 514 4045 tum
535 3973 695 4072 originis
714 3973 840 4052 sedem
857 3976 958 4050 inter
975 4001 1014 4050 se
1031 3975 1190 4049 babent.
1207 3977 1318 4052 uatu-
