2750 4658
286 437 360 521 214
450 455 497 502 nr
524 451 670 502 saturnus
695 453 740 500 rr
765 453 892 503 causis
917 457 1129 509 uoaaoauu

286 571 516 669 descriptum
536 567 783 640 adolescentis
804 571 871 666 qui
894 593 932 642 se
956 573 1135 663 Willisio,
1158 601 1201 649 ac
1216 582 1282 650 Lo·
1355 567 1356 622 ³

285 715 389 763 wero
403 685 616 761 curandum
628 685 790 757 tradidit.
806 691 842 758 Is
856 703 941 785 post
958 689 1180 766 immodicas
1189 699 1282 793 equi·

282 809 460 895 tationes,
477 805 644 902 aliasque
659 803 831 902 corporis
845 805 1043 879 diuturnas
1056 805 1282 884 exercitatio-

282 951 363 1014 nes,
377 949 463 996 cum
476 920 696 1019 aliquandiu
708 924 747 993 iu
758 923 905 996 sinistra
912 923 1076 1000 thoracis
1083 943 1190 1026 parte
1203 953 1281 1001 eum

283 1069 437 1122 sensum
448 1040 640 1113 habuisset
656 1041 722 1138 qui
740 1063 819 1114 esse
836 1041 917 1114 sine
934 1043 1083 1115 interna
1098 1069 1283 1144 compres·

261 1227 265 1234 .
284 1166 391 1238 sione
415 1185 495 1232 non
518 1173 682 1257 poterat,
706 1157 761 1229 ibi
789 1158 943 1232 tandem
969 1162 1086 1233 sensit
1105 1162 1283 1262 disrumpi

285 1281 357 1356 sihi
374 1279 481 1377 quasi
496 1275 561 1348 v'as
584 1275 798 1375 quoddam,
821 1277 981 1378 indeque
995 1303 1072 1378 per
1092 1282 1283 1353 semihora

284 1395 449 1499 spatium
470 1401 508 1466 in
526 1401 676 1493 regione
694 1399 767 1464 isto
785 1392 952 1466 humoris
967 1395 1073 1468 velut
1088 1399 1140 1468 ab
1157 1397 1283 1470 altoire

281 1519 448 1616 pectoris
448 1511 618 1608 fundum
628 1509 794 1583 cadentis
813 1511 1041 1583 stillicidium
1053 1538 1130 1584 non
1148 1530 1284 1586 tontum

285 1636 338 1705 ab
365 1657 409 1703 eo
428 1633 590 1731 percipi,
615 1627 811 1700 sedetiam
836 1629 888 1699 ab
909 1628 1144 1702 adstantibus
1167 1633 1287 1704 audiri
1358 1679 1360 1758 p

278 1757 427 1852 potuit,
453 1773 513 1822 res
533 1749 679 1819 nonita
702 1745 819 1820 facilis
837 1747 1025 1847 explicatu
1042 1749 1087 1821 iis
1109 1750 1178 1848 qui
1193 1751 1285 1823 inter

284 1871 500 1969 pulmones,
515 1866 723 1940 etthoracis
739 1867 901 1965 parietes
909 1879 1049 1965 negant
1062 1868 1173 1966 spatii
1186 1867 1285 1966 quid

285 2013 400 2088 quam
426 1983 680 2070 intercedere3
703 2009 791 2056 vcra
813 1999 961 2074 tamen,
985 1998 1028 2056 ut
1044 1986 1283 2082 postmodum
1360 1998 1361 2088 l

286 2104 548 2205 comprobavit
563 2101 755 2191 humoris,
768 2104 808 2173 in
820 2127 866 2174 eo
880 2101 995 2188 latere
1005 2104 1195 2200 congesti,
1205 2129 1283 2178 cum

285 2225 482 2298 fluctuatio
497 2225 537 2294 in
557 2222 756 2320 agitatione
767 2221 938 2320 corporis
954 2219 1004 2292 ab
1017 2222 1120 2319 ipso,
1141 2221 1286 2294 abaliis·

286 2369 363 2442 que
381 2341 645 2414 evidentissime
661 2353 860 2437 percepta,
875 2353 955 2410 tum
970 2338 1122 2438 eductio
1142 2363 1214 2438 per
1229 2343 1285 2411 im

284 2463 436 2533 missam
454 2484 475 2529 a
492 2457 671 2553 chirurgo
686 2455 852 2528 fistulam
864 2457 1052 2555 primum,
1069 2481 1224 2557 semper
1231 2485 1285 2531 au·

285 2593 361 2649 tem
379 2589 508 2675 postea
523 2569 776 2672 perforamen
794 2571 842 2646 ab
859 2589 1236 2669 natura‘reseratum,
1252 2592 1283 2649 et

284 2695 332 2766 ab
347 2705 425 2765 arte
436 2705 632 2765 servatum.

331 2811 365 2883 6.
398 2810 467 2882 Vir
492 2809 539 2881 ad
564 2805 893 2908 quadragesimum
920 2807 1103 2882 accedens
1121 2836 1283 2902 anuum,

283 2928 420 3002 multas
435 2927 512 3024 jam
529 2926 786 3000 hebdomadas
805 2925 908 2999 lehre
925 2929 1026 3000 lenta
1040 2925 1280 3003 laboraverat.

282 3048 340 3120 Ad
361 3069 442 3118 eam
457 3045 530 3118 levi
549 3070 587 3118 se
606 3045 776 3142 adjunxit
792 3045 933 3144 pedum
949 3061 1095 3134 tumor,
1110 3050 1223 3120 tussis
1234 3050 1281 3118 ir·

184 3249 186 3253 .
281 3167 372 3254 rita,
389 3162 552 3236 faucium
573 3164 726 3237 siccitas.
752 3162 963 3254 Anhelans,
987 3179 1188 3262 erectaque
1206 3190 1280 3237 cer·

280 3284 362 3354 vice
383 3282 589 3381 respirabat
612 3307 619 3350 :
644 3283 706 3351 vix
731 3281 861 3380 pulsus
882 3280 1205 3380 percipiebantur.
1230 3287 1279 3354 Ex

280 3400 486 3499 improviso
503 3400 673 3470 moritur.

327 3520 429 3588 Dum
447 3516 659 3588 abdominis
676 3518 932 3615 integumenta
951 3543 972 3589 a
989 3517 1166 3614 subjectis
1178 3543 1279 3611 mus·

280 3636 373 3708 culis
396 3634 573 3736 scalpello
592 3649 831 3733 separantur,
857 3635 996 3707 humor
1018 3637 1094 3708 exit
1115 3661 1279 3734 aquosus

277 3754 317 3824 in
333 3754 481 3826 sinistra
499 3751 723 3826 umbilicalis
739 3754 904 3852 regionis
914 3769 1030 3852 parte.
1045 3758 1141 3826 Sana
1152 3771 1275 3826 tamen

276 3868 316 3941 in
333 3887 464 3944 ventre
478 3872 623 3962 omnia,
640 3873 670 3946 si
680 3873 826 3946 *lienem
841 3874 1019 3972 excipias,
1032 3873 1148 3972 triplo
1163 3895 1274 3970 quam
