2750 4658
152 386 223 442 Lm.
252 388 296 452 11,
320 387 367 440 DE
392 389 529 448 Morinis
553 391 750 462 mousom,
775 395 888 446 emsa«
914 399 972 448 XV·
1001 405 1066 454 201
1118 452 1120 457 .

68 531 150 580 oum
167 504 383 605 haemoptoe
402 506 617 581 horrendus
632 508 797 584 thoracis
814 511 944 601 dolor,
963 517 1071 614 pleu-

67 627 178 713 ritici,
196 625 259 696 vel
275 625 602 722 peripneumonici
620 628 793 716 aemulus,
809 631 907 703 circa
921 635 1071 707 initium

66 741 228 840 phthisis
239 743 451 839 contingat,
462 733 532 816 rite
548 745 729 840 suspicari
739 747 869 833 licere,
883 747 980 823 hanc
992 778 1072 828 esse

68 860 212 957 generis
230 859 419 936 calculosi.
440 859 513 934 Sed
532 875 658 934 tamen
676 885 755 936 esse
778 879 868 936 tunc
889 869 1072 960 calculos,

69 977 130 1065 ait,
156 977 309 1075 angulis
333 992 370 1050 et
392 976 530 1050 aculeis
552 979 743 1077 praeditos,
772 996 809 1054 ot
833 999 934 1057 certe
960 988 1072 1058 etiam
1142 1077 1146 1085 Δ

69 1094 670 1196 Paulus(1)inhaemoptoico,qui
680 1124 831 1198 asperos
844 1103 1073 1175 tribulorum

68 1212 179 1284 modo
195 1213 353 1308 rejecit,
373 1213 549 1292 dolorem
561 1221 885 1294 commemoravit:
902 1219 968 1293 ubi
983 1248 1073 1295 vero

70 1330 194 1402 calculi
223 1331 327 1404 leves
352 1333 447 1422 sint,
476 1357 546 1406 nec
575 1335 622 1407 ad
656 1336 897 1410 lacerandum
925 1340 1073 1431 idonei,

71 1451 236 1544 quamvis
249 1450 335 1522 satis
345 1451 471 1550 magni
484 1453 557 1524 sint
569 1453 785 1551 aliquando,
796 1461 995 1529 Mortonus
1005 1473 1075 1529 tra·

72 1567 175 1658 didit,
189 1567 289 1639 nihil
301 1570 536 1643 incommodi
549 1569 683 1667 afferre
702 1574 994 1671 praeterinanem
1007 1591 1076 1648 tus·

75 1687 135 1768 sim
144 1741 154 1776 ,
163 1702 200 1759 et
214 1687 382 1785 aliquam
395 1689 437 1762 in
450 1703 604 1786 pectore
613 1691 840 1786 gravitatem.
852 1696 993 1763 Verum
1005 1717 1076 1765 nec
1117 1693 1119 1698 ’

75 1805 663 1898 Francu5‚necBeniveniu5‚nec
676 1807 1078 1906 Contulussuosangm

77 1919 131 2010 lis,
148 1937 184 1994 et
195 1923 339 1996 aculeis
352 1924 558 1996 instructos
569 1919 703 2011 fuisse,
720 1925 840 2022 aiunt,
859 1925 984 2020 itaque
996 1926 1077 1995 nul·

78 2036 147 2110 lum
154 2042 351 2140 sanguinis
360 2054 513 2139 sputum
523 2041 786 2130 attulerunt,ut
798 2042 985 2138 conjicere
995 2067 1078 2141 pro-

81 2155 161 2230 clive
174 2162 330 2248 sit‚non
340 2158 547 2257 pungendo
562 2158 1077 2258 sempen,etlacerand0,sed
1153 2245 1155 2250 s

81 2277 240 2370 pondere
252 2277 477 2374 pulmonem
489 2301 510 2348 a
520 2277 671 2375 plenia,
684 2292 747 2348 aut
760 2277 982 2348 mediastino
994 2332 1004 2366 ,
1018 2278 1079 2348 cui
1094 2333 1097 2340 .

81 2388 163 2466 forte
181 2393 318 2468 affixus
330 2396 395 2484 sit,
412 2393 677 2490 distrahendo,
694 2394 887 2476 interdum
905 2395 1077 2466 dolorem
1183 2433 1184 2438 ι

83 2505 208 2601 lacere,
225 2513 420 2586 interdum
430 2538 478 2586 ne
492 2515 543 2584 sic
556 2512 730 2610 quidem,
747 2511 811 2584 sed
824 2512 931 2583 aliter
944 2507 1074 2585 lacere.

85 2628 155 2698 lmo
166 2625 284 2702 fuisse
296 2655 377 2701 non
387 2655 473 2703 raro
486 2629 532 2700 ad
541 2621 784 2702 lacerandum
795 2629 971 2718 idoneos,
981 2645 1017 2700 et
1025 2655 1080 2702 re·

84 2767 160 2816 vera
175 2773 258 2818 non
276 2747 392 2820 semel
408 2748 605 2836 lacerasse,
615 2771 686 2820 nec
701 2747 872 2818 dolorem
886 2761 1012 2818 tamen
1023 2747 1081 2817 ul-

84 2859 152 2934 lum
171 2866 357 2954 attulisse,
369 2891 413 2938 ex
425 2867 469 2938 iis
481 2865 666 2964 intelliges
677 2889 758 2962 quae
772 2890 860 2935 mox
870 2864 1081 2960 subjiciam3

85 2978 143 3052 ubi
152 2983 258 3082 quod
273 2982 320 3056 de
331 2977 524 3056 sanatione
533 2983 724 3056 adnotavit
738 2982 922 3055 Contulus
931 2982 1082 3078 aliique,

86 3097 305 3186 indicavero.
322 3106 417 3200 Cum
430 3102 663 3175 medicorum
672 3099 842 3197 plerique
853 3098 899 3169 ad
912 3097 1084 3168 dolorem

88 3219 554 3318 pacandum,maciemque
564 3215 846 3306 arcendam‚illi
857 3215 1084 3287 adolescenti
1149 3219 1150 3222 ’

87 3328 229 3409 lacesse
245 3337 414 3410 dandum
428 3338 659 3422 statuissent,
670 3334 846 3407 Albertus
863 3333 1018 3406 Fabrius
1032 3334 1084 3423 ,is

90 3471 194 3544 quem
213 3455 283 3527 tibi
297 3455 386 3527 alias
403 3454 458 3553 (a)
473 3467 610 3526 merito
626 3452 793 3542 laudavi,
817 3453 997 3525 acerrime
1012 3452 1084 3524 dis-

91 3571 214 3661 sensit,
233 3587 276 3644 ut
296 3573 361 3670 qui
376 3597 475 3645 unus
496 3570 621 3651 morbi
637 3594 784 3644 causam
802 3569 994 3658 divinans,
1012 3570 1084 3641 cal·
1173 3665 1174 3668 Ἴ

23 3907 25 3910 .
129 3837 170 3918 (1)
190 3846 278 3920 Apud
291 3841 436 3924 Schenclc¹
451 3851 471 3903 l.
488 3847 539 3905 cit.
553 3865 643 3928 supra
659 3845 698 3904 ad
710 3866 739 3903 n.
762 3865 808 3923 19.

130 3937 171 4016 (²)
192 3944 287 4022 Epist.
305 3947 340 4020 8,
354 3967 385 4003 n.
404 3948 458 4022 32,
471 3960 500 4008 et
513 3948 607 4026 Epist.
624 3967 676 4032 io,
689 3967 720 4006 n.
741 3965 788 4005 ιι.
