2820 4662
186 431 254 478 ma.
282 430 323 477 11.
350 423 916 491 nruonrrsraortac1s,ar1sr.
943 431 1015 478 x1x.
1043 413 1115 507 479

101 544 221 616 ribus
235 542 295 616 vel
310 565 529 640 quanquam
541 541 581 611 in
592 539 835 638 deglutiendo
846 539 1115 634 difficultatem,

100 661 156 733 ab
178 662 279 748 aliis,
298 658 404 756 quod
419 660 551 746 sciam,
566 683 646 728 non
665 658 981 748 animadversam,
1000 662 1118 734 adno-

99 795 229 866 tasse,
244 776 386 849 indicio
402 773 723 864 manifestissimo,
748 791 856 848 tanto
880 778 1003 850 minus
1028 805 1118 877 prae-

98 897 375 982 termissurum
390 948 400 982 ,
415 894 522 990 siqua
540 890 684 981 fuisset,
699 892 876 966 omnibus
889 896 929 966 in
946 919 1038 966 cane
1053 895 1115 972 oo

99 1027 263 1086 servatu
281 1010 426 1084 facilem
446 1011 549 1081 vocis
565 1011 886 1101 imminutionem,
903 1037 982 1086 non
998 1013 1113 1086 modo

96 1129 368 1202 abolitionem.
389 1133 572 1200 Caeterum
599 1152 645 1200 ex
666 1127 711 1200 iis
727 1129 1033 1224 quoeadnotavit,
1059 1131 1112 1201 vi·

100 1245 253 1324 dentur
269 1235 446 1343 'quaedam
467 1243 521 1318 ad
543 1243 770 1343 peculiarem
794 1246 1030 1344 singulorum
1055 1265 1134 1324 car-l

97 1389 206 1437 num
217 1362 502 1462 dispositionem
514 1363 750 1460 potissimum
760 1365 937 1452 attinere,
952 1380 994 1436 ut
1007 1363 1114 1462 quod

98 1481 243 1556 catella
259 1480 387 1562 cibum
400 1494 611 1577 respueret,
630 1501 673 1548 ac
683 1476 813 1549 rabida
827 1480 1111 1576 quodammodo

99 1613 228 1687 esset,
240 1613 304 1670 aut
319 1597 423 1697 quod
437 1597 584 1694 primus
598 1594 661 1664 ille
676 1595 778 1666 canis
788 1611 924 1692 praeter
935 1622 1109 1694 magnam

97 1717 187 1788 vim
204 1715 376 1794 humoris
393 1739 437 1784 ex
454 1737 520 1784 ore
540 1712 733 1797 emissam,
751 1734 834 1782 sero
850 1727 1043 1808 stagnante
1057 1729 1110 1784 tu·

100 1833 257 1906 midum
271 1832 365 1903 adeo
380 1830 540 1917 collum,
557 1826 935 1930 caputquehaberet3
952 1829 1025 1900 nisi
1039 1826 1112 1900 for.

98 1965 144 2026 te
163 1951 287 2038 dicas,
306 1948 474 2022 catellam
487 1946 597 2020 citius
614 1967 728 2042 quam
745 1944 823 2016 haec
842 1943 924 2017 fieri
940 1961 1111 2044 possent,
1176 2018 1188 2026 ,

98 2068 314 2164 interiisse3
331 2066 379 2140 in⁴
390 2064 508 2136 altero
526 2076 651 2150 autem
671 2086 762 2139 cane
781 2086 869 2133 cum
887 2061 1027 2134 fluente
1046 2088 1111 2136 sae-

98 2183 196 2282 pius
205 2183 397 2279 sanguine,
410 2181 603 2260 serietiam
615 2193 758 2279 partem
770 2204 839 2280 per
847 2180 992 2278 plagam
1004 2182 1116 2260 exiis«,

101 2323 172 2387 se,
192 2314 235 2369 ut
249 2313 376 2370 tumor
390 2300 510 2396 quiin
524 2299 606 2395 ipso
619 2322 776 2396 [quoque
791 2296 910 2369 attolli
930 2312 1109 2396 coeperat,

100 2437 190 2494 non
214 2431 400 2503 crescere,
428 2415 497 2492 sed·
521 2413 736 2491 decrescere
768 2414 894 2510 potius
924 2413 1107 2485 debuerit.

98 2533 203 2603 Sane
223 2545 286 2602 aut
303 2531 445 2628 aliquid
466 2529 671 2626 ejusmodi,
691 2545 755 2601 aut
772 2530 842 2601 alia
858 2531 898 2600 in
922 2531 1002 2602 aliis
1017 2556 1110 2628 quo·
1184 2549 1189 2557 ·

100 2647 283 2719 rumdam
298 2671 472 2722 vasorum
483 2645 678 2744 dispositio
694 2647 845 2719 videtur
861 2645 1044 2738 effecisse,
1058 2673 1108 2721 ne

103 2764 242 2839 eodem
262 2789 394 2836 omnes
409 2779 557 2840 tumore
572 2761 829 2852 afficerentur,
848 2765 879 2836 si
892 2791 979 2836 vera
995 2765 1108 2864 hujus

104 2905 220 2956 causa
237 2897 324 2955 esta
338 2880 505 2956 Valsalva
519 2881 559 2950 in
577 2882 703 2976 priore
721 2905 812 2952 cane
830 2883 1054 2978 excogitata(
1079 2883 1106 2980 ).

54 2987 57 2994 ’
102 2999 264 3078 Putabat
281 2997 468 3084 videlicet,
488 2996 635 3070 sublato
659 2998 850 3094 sanguinis
869 3022 938 3098 per
954 2998 1110 3079 arterias

99 3116 294 3214 impulsu,
315 3139 402 3188 eum
418 3133 534 3211 quem
544 3114 815 3210 respondentes
834 3138 936 3184 venae
953 3109 1106 3204 ferrent,

106 3233 149 3306 in
165 3233 224 3306 his
235 3232 454 3319 substitisse3
468 3230 570 3303 unde
582 3245 684 3302 tanta
698 3230 761 3302 illa
779 3231 943 3327 ipsarum
958 3244 1109 3328 turgen-

105 3351 178 3437 tia,
193 3350 352 3447 etssquod
373 3349 635 3446 consequitur,
655 3343 730 3420 seri
747 3348 925 3436 secessio,
944 3362 981 3420 et
1009 3361 1107 3446 stag-

108 3470 234 3557 natio,
249 3469 452 3566 praesertim
466 3491 572 3555 cum,
591 3463 783 3536 infirmato
802 3463 853 3535 ob
871 3461 1107 3536 deficientem

109 3584 296 3656 influxum
316 3585 523 3683 sanguinis,
538 3567 718 3655 fibrarum
733 3580 888 3672 robore,
912 3584 996 3654 satis
1018 3607 1107 3681 pro-

112 3793 1113 3822 Ἣ

152 3927 602 4038 mmmmffla
