2766 4670
186 427 255 473 mn.
283 425 308 473 1.
336 423 382 474 ua
408 423 544 474 ucams
570 396 863 493 carrrrs,rr1sr.
889 429 962 476 xm.
1019 409 1085 510 137

71 541 178 613 nihil
188 555 245 612 cst
263 541 334 612 nisi
349 539 619 638 compendium
632 541 725 638 ejus,
739 567 822 640 qua
833 545 1015 616 continuo
1031 572 1088 620 se·
1109 629 1112 638 y

72 661 232 756 quitur,
246 661 326 730 vll.
344 659 381 727 Si
398 671 513 728 totam
525 659 730 730 sectionem
745 662 932 758 perlegas,
945 664 1087 736 nullam

71 774 364 874 propemodum
375 775 543 849 invenies
554 775 747 848 historiam
763 803 845 875 quae
858 805 936 850 non
950 779 997 852 ad
1005 807 1086 880 gra-

72 893 228 964 viorem
244 891 400 964 alterum
422 891 597 964 morbum
617 894 786 983 attineat,
809 897 982 995 interque
997 900 1085 972 alias

72 1009 230 1083 adeum
246 1024 456 1108 spectantes
467 1035 543 1080 non
556 1013 722 1082 iteretur.
741 1013 843 1084 Idem
855 1015 1086 1088 animadver-

72 1141 132 1198 tes
148 1128 191 1197 in
206 1128 371 1198 sectione
389 1129 501 1198 etiam
519 1131 631 1198 XXll.
652 1133 733 1199 Huc
751 1129 845 1202 adde
856 1185 866 1220 ,
879 1147 922 1203 ut
938 1135 1087 1206 institu-

72 1258 163 1315 tum
186 1244 235 1315 de
258 1248 344 1314 XXI
371 1269 583 1317 sermonem
612 1244 823 1335 absolvam,
856 1248 1087 1323 observatio-

72 1385 169 1434 nem
199 1365 320 1432 XXXI
340 1362 523 1460 aliasque,
547 1378 589 1434 ut
610 1387 692 1461 quae
710 1365 858 1461 gemina
880 1369 1087 1465 appendice

74 1494 374 1579 proponuntur,
394 1505 472 1550 non
493 1478 616 1552 morbi
634 1482 673 1551 in
691 1479 835 1554 denatis
857 1477 1086 1558 observatio·

72 1623 165 1687 nes,
183 1598 250 1672 scd
271 1599 508 1694 conjecturas
526 1599 650 1696 potius
674 1623 769 1687 esse,
786 1602 826 1671 in
847 1617 953 1699 parte
975 1605 1086 1676 etiam

74 1719 210 1789 minus
233 1715 458 1787 laudabiles?
478 1714 579 1806 Quid
604 1740 694 1787 vero
722 1717 769 1788 de
790 1720 985 1793 nonnullis
1007 1723 1087 1796 aliis

75 1833 409 1908 observationibus
431 1833 628 1904 dicemus?
650 1837 694 1902 In
716 1838 806 1904 XIII
830 1859 926 1932 aeger
950 1836 1087 1910 dicitur

76 1953 273 2023 cerebrum
291 1957 409 2050 ipsum
429 1965 606 2022 excreutu
615 1973 690 2049 per
707 1973 749 2020 os
767 1957 939 2048 expuisse
954 1979 965 2022 .·
982 1955 1085 2050 quod

77 2071 146 2140 etsi
168 2069 306 2166 aliquis
325 2069 490 2167 perlecta
512 2067 613 2165 apud
636 2067 845 2153 Fernelium
865 2092 932 2156 ea,
946 2093 1028 2166 quae
1044 2071 1083 2141 in
1174 2130 1176 2137 s

78 2186 229 2258 scholio
247 2187 403 2258 strictim
423 2201 615 2273 narratur,
634 2184 806 2274 historia,
824 2186 1086 2282 quadantenus

78 2303 164 2376 lieri
179 2306 366 2403 potuisse,
389 2327 469 2374 non
488 2317 621 2400 neget3
649 2327 728 2373 non
746 2301 874 2375 credat
892 2318 1017 2376 tamen
1034 2302 1052 2376 f
1071 2347 1086 2360 ·

79 2423 173 2511 cile,
192 2423 266 2494 nisi
277 2421 382 2494 basis
399 2421 516 2492 cranii
533 2423 583 2491 ita
602 2417 790 2518 perforata
808 2445 829 2492 a
844 2423 942 2494 caric
959 2425 999 2493 in
1010 2424 1086 2495 ob-

80 2533 560 2637 servationeproponatur,
573 2539 743 2636 utipsius
757 2539 903 2610 cerebri
918 2540 1087 2614 substan-

78 2659 135 2729 tiae
146 2672 367 2755 corruptam
385 2671 530 2754 partem
546 2656 631 2727 illac
649 2679 779 2728 revera
792 2659 831 2726 in
849 2654 1084 2733 faucestran·

79 2776 203 2860 siisse,
232 2789 387 2846 constet.
419 2777 541 2845 XXIX
571 2788 608 2846 et
634 2777 737 2843 XXX
761 2773 1086 2850 observationibus

79 2906 303 2991 argumenta
320 2889 580 2990 praefiguntur,
604 2890 643 2960 id
664 2888 767 2987 quod
788 2891 988 2964 verisimile
1003 2919 1084 2966 non

79 3026 155 3099 est,
170 3007 442 3082 confirmantia.
456 3010 552 3099 Quis¹
562 3009 662 3081 enim
678 3006 821 3095 credat,
840 3033 1091 3107 praegressum.

79 3129 172 3198 olim
203 3127 373 3200 dentium
399 3125 588 3214 dolorem,
612 3127 651 3196 in
676 3126 791 3196 altera
818 3141 1084 3217 memoratum,

79 3243 193 3318 luisse
212 3272 238 3315 a
255 3269 337 3318 sero
348 3247 458 3343 flavo
480 3250 580 3314 cr'rca
605 3242 954 3342 lethargicicorpus
964 3244 1084 3335 falci·

68 3365 218 3452 forme,
243 3364 319 3434 imo
341 3369 441 3432 intra
458 3359 704 3432 ventriculum
731 3357 878 3443 cerebri
897 3365 1084 3435 rinocrum

79 3482 284 3552 contento?
303 3494 366 3551 aut
378 3479 469 3576 ¹quis
485 3477 654 3548 dentium
676 3477 866 3564 dolorem,
890 3492 927 3550 et
945 3483 1082 3554 cariem

61 3614 65 3622 '
79 3598 125 3672 de
146 3599 288 3698 quibus
305 3601 344 3668 in
357 3599 478 3694 prima
493 3619 616 3669 sermo
635 3610 706 3683 est,
723 3593 843 3668 brisso
851 3599 900 3668 ab
916 3596 1082 3708 bumore,

79 3742 99 3788 e
115 3724 241 3816 capite
251 3741 326 3816 per
339 3730 500 3786 meatum
506 3713 740 3814 peculiarem
754 3719 792 3784 in
803 3713 1002 3812 'Highmori
1016 3740 1081 3786 an·

78 3847 179 3904 trum
191 3831 386 3902 stillante?
404 3831 550 3903 Scilicet
564 3855 606 3902 ea
620 3829 818 3928 Highmori
835 3829 1079 3902 hallucinatio

79 3949 167 4040 tuit,
187 3964 230 4022 ut
249 3951 349 4020 antri
367 3947 659 4046 foramenquod
677 3947 887 4046 conspexit,
907 3961 944 4018 et
962 3944 1082 4044 figura
