2766 4670
267 496 340 546 100
433 493 480 542 DE
505 489 653 542 SEDlBUS
675 489 722 537 ΞΤ
746 485 872 538 cauus
896 489 1107 538 MORBORUH

264 609 401 684 festum
412 607 514 680 enim
526 619 601 694 est,
625 604 657 676 si
674 627 762 674 caro
778 625 996 674 excrescens
1013 602 1165 675 obturet
1178 627 1275 676 mea·

264 742 362 816 tum,
380 723 551 799 auditum
568 720 765 818 intercipi,
782 720 823 790 ni
834 719 936 792 illam
952 719 1091 792 demas.
1110 722 1194 810 Qua
1208 745 1273 792 au·
1378 719 1379 803 l

264 861 340 918 tem
358 839 645 914 hocsitratione
661 835 1053 936 praestandum,multi
1063 836 1272 926 docent,in
1378 835 1379 840 ’

265 960 421 1062 quibus,
441 970 576 1057 praeter
586 955 749 1054 equitem
763 951 1013 1027 Marchettum
1031 969 1205 1027 nostrum
1220 952 1271 1052 (1)

264 1079 333 1177 qui
364 1073 594 1147 adolescenti
625 1072 678 1144 sic
706 1083 815 1160 nato,
850 1069 1029 1143 audiendi
1059 1069 1275 1142 facultatem

263 1193 444 1298 praebuit3
469 1205 524 1263 est
551 1191 591 1260 in
610 1190 742 1289 primis
759 1193 955 1286 Verneyus
971 1189 1047 1287 (2);
1064 1190 1132 1287 qui
1151 1204 1188 1260 et
1205 1189 1276 1260 alia

264 1312 455 1396 auditum,
475 1329 684 1404 auremque
703 1303 895 1395 laedentia,
913 1305 1088 1378 videlicet
1104 1306 1217 1378 altius
1237 1307 1275 1377 in

263 1444 431 1504 meatum
457 1425 588 1523 illapsa
614 1421 935 1521 quemadmodum
961 1421 1159 1495 eximenda
1183 1424 1277 1512 sint,

263 1543 438 1632 tradidit,
455 1568 534 1614 non
556 1541 712 1628 omissa,
739 1539 807 1612 ubi
825 1541 1024 1614 necessitas
1040 1541 1154 1640 cogit,
1175 1543 1277 1614 auris
1378 1519 1379 1606 l

261 1663 458 1740 incisione.
476 1659 614 1734 Paulus
628 1656 803 1756 quidem,
828 1672 871 1729 ut
895 1673 951 1730 est
976 1656 1077 1756 apud
1100 1672 1278 1730 nostrum
1378 1635 1379 1656 ³

262 1780 475 1854 Fabricium
494 1776 569 1876 (3),
595 1789 632 1849 et
648 1774 861 1864 Albucasis,
880 1789 923 1846 ut
939 1773 1039 1874 apud
1054 1774 1277 1848 Marcellum

265 1901 459 1973 Donatum
470 1895 536 1994 (d),
552 1893 723 1967 eamdem
740 1893 852 1982 olim,
870 1890 1039 1984 sedatio,
1053 1907 1095 1965 ut
1109 1891 1277 1985 videtur,

265 2016 351 2090 loco
370 2025 672 2114 proposuerunt,
691 2011 836 2108 aptiore
856 2008 899 2079 hi
917 2007 1072 2082 fortasse
1092 2008 1139 2082 ad
1156 2011 1277 2110 inspi-

266 2133 466 2222 ciendum,
484 2145 520 2203 et
534 2130 581 2201 ad
592 2127 781 2228 agendum
793 2153 803 2217 ;
815 2132 1011 2226 Verneyus
1021 2152 1111 2200 vero
1121 2127 1274 2201 tutiore.

265 2249 381 2342 Quod
395 2263 521 2321 autem
539 2250 711 2348 Donatus
730 2245 777 2318 de
794 2245 1014 2343 siliquarum
1029 2247 1171 2317 semine
1190 2245 1277 2318 sub·

263 2367 345 2464 jicit
361 2368 401 2437 in
418 2378 583 2436 meatum
599 2361 740 2450 indito;
760 2387 840 2434 non
862 2359 1081 2460 infrequens
1098 2361 1161 2434 hic
1181 2377 1278 2436 esset

265 2482 308 2556 in
323 2483 448 2582 pueris
458 2503 585 2568 casus,
599 2479 671 2550 nisi
687 2481 787 2551 inter
800 2478 905 2550 initia
913 2495 1190 2552 occurreretur.
1205 2479 1277 2551 Sed

267 2623 355 2674 cum
368 2599 626 2670 instrumentis
638 2597 686 2668 ad
700 2595 974 2670 extrahendum
986 2597 1161 2669 immissis
1172 2596 1278 2669 haud
1377 2673 1378 2705 ,

266 2739 356 2790 raro
372 2714 568 2804 acciderit,
586 2730 629 2786 ut
646 2714 830 2811 ejusmodi
845 2716 988 2786 semina
1003 2716 1121 2815 magis
1140 2715 1215 2786 sint
1224 2717 1277 2787 in·
1377 2779 1378 2823 ,

267 2849 435 2907 trorsum
453 2834 667 2932 compulsa,
693 2858 773 2904 non
788 2832 940 2931 ignotus
964 2831 1059 2903 mihi
1076 2831 1276 2932 chirurgus
1377 2893 1378 2903 ,

266 2951 381 3094 Ιουβε
397 2949 507 3022 aliam
525 2950 709 3022 rationem
725 2963 873 3022 secutus
889 2950 929 3019 in
948 2949 1140 3047 pluribus,
1161 2948 1276 3022 felici·
1377 2955 1378 2958 ’

266 3084 327 3144 ter
336 3070 481 3140 exemit.
498 3067 645 3140 Scilicet
657 3068 781 3138 oleum
795 3065 964 3140 dulcium
979 3065 1274 3164 amygdalarum,

267 3203 334 3260 aut
355 3187 412 3259 lac
435 3210 505 3285 per
525 3182 725 3283 siphonem
748 3182 1015 3256 auricularium
1040 3185 1077 3255 vi
1099 3186 1274 3276 immisit;
1377 3203 1378 3234 ¹

266 3305 327 3378 sic
340 3305 441 3376 enim
458 3300 569 3376 simul
596 3325 683 3373 cum
706 3299 751 3372 iis
767 3298 994 3374 humoribus
1010 3303 1276 3400 regurgitanti-
1377 3293 1378 3336 ³

267 3420 339 3498 bus
353 3419 446 3495 vidit
459 3445 502 3492 ea
512 3420 653 3492 semina
669 3415 823 3508 referri,
842 3433 880 3490 et
894 3418 1057 3518 prodire.
1073 3419 1190 3516 Cujus
1204 3444 1274 3519 ego
