2750 4658
296 441 365 490 202
456 434 503 484 nt
529 429 675 482 sautans
700 431 745 479 ΕΤ
772 426 899 479 canals
924 429 1137 480 nouaclum

294 553 441 626 culosas
467 549 506 618 in
533 541 781 646 pulmonibus
807 543 1074 618 concretiones
1091 567 1172 619 vusu
1200 546 1299 622 laetis

295 669 423 768 augeri
450 688 559 765 posse
593 663 771 736 censebat
790 689 799 732 t
821 683 899 762 qua
920 664 961 737 in
987 664 1174 738 sententia
1193 663 1297 740 finsse

295 781 717 888 posteaMortonum(r)
733 779 928 870 videmus,
944 779 997 855 ob
1010 781 1184 856 eamdem
1195 785 1297 858 istam

294 905 501 992 rationem,
516 902 672 973 lacteam
686 900 833 972 diaetam
853 923 952 989 non,
966 901 1042 973 nisi
1059 915 1222 1000 urgente
1238 929 1296 974 ne·

294 1021 484 1107 cessitate,
500 1023 539 1090 in
558 1017 734 1117 phthisia
749 1014 902 1091 calculis
918 1017 1210 1116 pulmonaribns
1222 1042 1296 1118 peu

294 1141 527 1211 mittentem:
544 1151 581 1208 et
593 1159 681 1210 sane
693 1137 725 1208 is
741 1137 851 1232 cujus
864 1137 1065 1236 pulmones
1080 1136 1220 1236 lapillis
1233 1137 1299 1236 ple·

295 1282 367 1330 nos
380 1256 738 1328 aFrancoinventos
756 1275 837 1328 esse
852 1253 1025 1328 dicebam
1035 1280 1051 1344 ,·
1058 1253 1198 1353 cupide
1211 1255 1296 1326 adeo

295 1377 354 1448 lac
377 1389 552 1472 appetere
576 1373 707 1445 solitus
733 1371 877 1462 fuerat,
906 1388 948 1444 ut
967 1371 1058 1462 boc,
1087 1373 1202 1444 etiem
1220 1374 1296 1445 loco

296 1516 418 1592 aquae,
430 1505 469 1564 et
479 1491 661 1564 cerevisiae
669 1490 829 1564 biberet.
843 1489 968 1562 Fabrii
981 1505 1107 1562 antem
1116 1491 1296 1587 judicium

296 1609 559 1710 comprobavit
578 1611 707 1682 exitus.
729 1610 851 1681 Lectis
869 1610 971 1681 enim
984 1633 1077 1682 usus
1096 1610 1299 1697 calculum,

296 1744 359 1801 aut
374 1745 474 1802 certe
487 1727 658 1800 dolorem
673 1729 797 1816 auxit,
813 1742 1053 1826 mortemque
1065 1728 1294 1800 acceleravit:

295 1871 379 1920 cnm
399 1847 506 1934 altori
526 1845 774 1932 adolescenti,
792 1847 902 1944 cujus
913 1845 1090 1918 morbum
1110 1871 1158 1919 ex
1174 1847 1294 1920 iisdem

296 1965 474 2038 omnibus
486 1965 601 2064 signis
610 1963 658 2036 ab
668 1964 798 2036 eadem
810 1989 920 2037 causa
929 1963 1125 2064 repetebat
1135 1963 1295 2052 Fabrius,

293 2109 373 2155 non
387 2083 500 2168 lacte,
518 2081 583 2153 sed
594 2081 681 2157 oleo
695 2069 956 2180 amygdalino,
970 2082 1128 2179 aliisque
1139 2083 1295 2178 ejusmo-

295 2199 353 2289 di,
370 2199 542 2270 etiamad
559 2199 823 2288 lambendum,
842 2199 952 2288 datis,
965 2200 1059 2291 illud
1078 2210 1294 2272 consecutus

295 2330 365 2399 est,
388 2331 430 2387 ut
450 2317 635 2388 extussito·
655 2317 804 2415 lapillo,
831 2317 943 2390 dolor
963 2317 1146 2416 paulatim
1166 2316 1294 2402 abiret,

295 2430 538 2531 perfectaque
556 2432 697 2506 rediret
715 2437 861 2508 sanitas.
878 2436 938 2508 Sic
953 2437 1066 2507 ctiam
1079 2435 1293 2508 Benivenius

295 2549 475 2620 leniendo
499 2551 881 2649 pectus,molliendo
903 2567 1053 2651 guttur,
1077 2567 1114 2624 et
1134 2573 1293 2654 asperam

295 2666 490 2755 arteriam,
509 2668 697 2740 calculum
716 2671 763 2742 de
779 2695 858 2769 quo
877 2671 1055 2759 diximus,
1073 2670 1227 2742 extrudi
1248 2669 1294 2738 vi·

296 2781 421 2873 derat,
442 2805 671 2886 omnemque
688 2788 862 2861 dolorem
886 2812 974 2862 cum
997 2790 1102 2860 inani
1124 2786 1292 2863 tussicula

295 2925 472 2974 amovere

345 3047 400 3092 aa.
429 3023 654 3122 Quanquam
670 3022 785 3124 igitur
795 3026 855 3097 vel
871 3025 1024 3099 calculis
1037 3025 1291 3126 expectoratis,

294 3137 416 3209 multo
437 3141 568 3240 saepius
585 3143 770 3239 ejusmodi
787 3144 1072 3242 agripercunt,
1099 3146 1177 3218 sive
1198 3136 1290 3242 quod

295 3270 453 3328 cunctos
465 3256 567 3328 hand
580 3259 865 3355 ejecerint,sive
876 3261 981 3360 quod
990 3261 1083 3335 alios
1093 3262 1229 3334 iterum
1245 3257 1289 3358 gi·
1352 3273 1353 3282 ’

296 3387 428 3467 gnant,
454 3375 532 3447 sive
548 3377 650 3473 quod
670 3379 709 3449 in
729 3378 976 3476 pulmonibus
994 3380 1173 3478 pessimas
1192 3377 1237 3448 ab
1251 3373 1288 3444 ,a

296 3487 343 3560 lis
361 3509 668 3591 serveutnoxas,
694 3497 796 3570 tande
815 3517 861 3571 cx
879 3497 1045 3598 phthisi,
1074 3507 1139 3570 aut
1161 3495 1235 3570 fere
1251 3509 1288 3562 tx

239 3705 241 3712 ἲ
296 3593 1287 3713 εαηςιιίηίεερυῑοίηῑενευηῐ,ιῃοίῐῶιιένίἀοῑὶεεῑρυί·

309 3821 1278 3856 ··---——-----..------·-

335 3973 380 4051 (1)
401 3979 434 4034 C.
450 3979 590 4040 indicato.
