<?xml version="1.0" encoding="UTF-8"?>
<!DOCTYPE html PUBLIC "-//W3C//DTD XHTML 1.0 Transitional//EN"
    "http://www.w3.org/TR/xhtml1/DTD/xhtml1-transitional.dtd">
<html xmlns="http://www.w3.org/1999/xhtml" xml:lang="en" lang="en">
 <head>
  <title>
</title>
<meta http-equiv="Content-Type" content="text/html;charset=utf-8" />
  <meta name='ocr-system' content='tesseract 3.04.00' />
  <meta name='ocr-capabilities' content='ocr_page ocr_carea ocr_par ocr_line ocrx_word'/>
</head>
<body>
  <div class='ocr_page' id='page_1' title='image "./desedibusetcaus00chaugoog_0182.png"; bbox 0 0 2766 4670; ppageno 0'>
   <div class='ocr_carea' id='block_1_1' title="bbox 178 511 1101 592">
    <p class='ocr_par' dir='ltr' id='par_1_1' title="bbox 178 511 1101 592">
     <span class='ocr_line' id='line_1_1' title="bbox 178 511 1101 592; baseline 0.002 -30"><span class='ocrx_word' id='word_1_1' title='bbox 178 517 250 563; x_wconf 72' lang='lat' dir='ltr'><strong>Lis.</strong></span> <span class='ocrx_word' id='word_1_2' title='bbox 278 516 319 565; x_wconf 89' lang='lat'><strong>11.</strong></span> <span class='ocrx_word' id='word_1_3' title='bbox 347 514 394 560; x_wconf 75' lang='lat' dir='ltr'><strong>DE</strong></span> <span class='ocrx_word' id='word_1_4' title='bbox 419 511 556 560; x_wconf 77' lang='lat' dir='ltr'><strong>Mouuts</strong></span> <span class='ocrx_word' id='word_1_5' title='bbox 581 511 778 575; x_wconf 68' lang='lat' dir='ltr'><strong>rhoetum,</strong></span> <span class='ocrx_word' id='word_1_6' title='bbox 802 513 914 564; x_wconf 68' lang='lat' dir='ltr'><strong>susa.</strong></span> <span class='ocrx_word' id='word_1_7' title='bbox 942 518 1000 563; x_wconf 75' lang='lat' dir='ltr'><strong>XV.</strong></span> <span class='ocrx_word' id='word_1_8' title='bbox 1033 517 1101 592; x_wconf 76' lang='lat'><strong>179</strong></span> 
     </span>
    </p>
   </div>
   <div class='ocr_carea' id='block_1_2' title="bbox 93 625 1177 3780">
    <p class='ocr_par' dir='ltr' id='par_1_2' title="bbox 93 625 1106 1311">
     <span class='ocr_line' id='line_1_2' title="bbox 93 625 1104 728; baseline -0.005 -27"><span class='ocrx_word' id='word_1_9' title='bbox 93 654 180 701; x_wconf 90' lang='lat' dir='ltr'><strong>rum</strong></span> <span class='ocrx_word' id='word_1_10' title='bbox 197 643 356 700; x_wconf 89' lang='lat' dir='ltr'><strong>conatus</strong></span> <span class='ocrx_word' id='word_1_11' title='bbox 375 627 414 697; x_wconf 91' lang='lat' dir='ltr'><strong>in</strong></span> <span class='ocrx_word' id='word_1_12' title='bbox 435 625 622 722; x_wconf 87' lang='lat' dir='ltr'><strong>ejusmodi</strong></span> <span class='ocrx_word' id='word_1_13' title='bbox 644 627 893 724; x_wconf 83' lang='lat' dir='ltr'><strong>respiratione</strong></span> <span class='ocrx_word' id='word_1_14' title='bbox 909 630 999 726; x_wconf 91' lang='lat' dir='ltr'><strong>ipsis</strong></span> <span class='ocrx_word' id='word_1_15' title='bbox 1012 655 1104 728; x_wconf 61' lang='lat' dir='ltr'><strong>pro,</strong></span> 
     </span>
     <span class='ocr_line' id='line_1_3' title="bbox 94 742 1105 843; baseline 0.001 -25"><span class='ocrx_word' id='word_1_16' title='bbox 94 748 282 843; x_wconf 78' lang='lat' dir='ltr'><strong>rimisque</strong></span> <span class='ocrx_word' id='word_1_17' title='bbox 314 744 464 831; x_wconf 84' lang='lat' dir='ltr'><strong>laxatis,</strong></span> <span class='ocrx_word' id='word_1_18' title='bbox 493 742 753 842; x_wconf 80' lang='lat' dir='ltr'><strong>distractisque</strong></span> <span class='ocrx_word' id='word_1_19' title='bbox 780 744 961 843; x_wconf 85' lang='lat' dir='ltr'><strong>partibus.</strong></span> <span class='ocrx_word' id='word_1_20' title='bbox 989 751 1105 820; x_wconf 75' lang='lat' dir='ltr'><strong>Caete-</strong></span> 
     </span>
     <span class='ocr_line' id='line_1_4' title="bbox 95 860 1104 960; baseline 0.003 -26"><span class='ocrx_word' id='word_1_21' title='bbox 95 889 184 936; x_wconf 89' lang='lat' dir='ltr'><strong>rum</strong></span> <span class='ocrx_word' id='word_1_22' title='bbox 197 863 277 932; x_wconf 85' lang='lat' dir='ltr'><strong>haec</strong></span> <span class='ocrx_word' id='word_1_23' title='bbox 291 861 440 958; x_wconf 85' lang='lat' dir='ltr'><strong>questio</strong></span> <span class='ocrx_word' id='word_1_24' title='bbox 460 862 536 932; x_wconf 91' lang='lat' dir='ltr'><strong>sive</strong></span> <span class='ocrx_word' id='word_1_25' title='bbox 552 860 644 949; x_wconf 87' lang='lat' dir='ltr'><strong>bne,</strong></span> <span class='ocrx_word' id='word_1_26' title='bbox 661 861 738 933; x_wconf 89' lang='lat' dir='ltr'><strong>sive</strong></span> <span class='ocrx_word' id='word_1_27' title='bbox 759 862 832 936; x_wconf 91' lang='lat' dir='ltr'><strong>alio</strong></span> <span class='ocrx_word' id='word_1_28' title='bbox 848 864 972 960; x_wconf 86' lang='lat' dir='ltr'><strong>potius</strong></span> <span class='ocrx_word' id='word_1_29' title='bbox 988 863 1104 944; x_wconf 87' lang='lat' dir='ltr'><strong>modo</strong></span> 
     </span>
     <span class='ocr_line' id='line_1_5' title="bbox 96 976 1104 1078; baseline 0.002 -25"><span class='ocrx_word' id='word_1_30' title='bbox 96 981 169 1053; x_wconf 84' lang='lat' dir='ltr'><strong>tibi</strong></span> <span class='ocrx_word' id='word_1_31' title='bbox 187 980 359 1051; x_wconf 84' lang='lat' dir='ltr'><strong>videatur</strong></span> <span class='ocrx_word' id='word_1_32' title='bbox 378 976 587 1050; x_wconf 89' lang='lat' dir='ltr'><strong>dirimenda</strong></span> <span class='ocrx_word' id='word_1_33' title='bbox 602 1005 612 1067; x_wconf 88' lang='lat'>;</span> <span class='ocrx_word' id='word_1_34' title='bbox 631 979 763 1076; x_wconf 83' lang='lat' dir='ltr'><strong>agitari</strong></span> <span class='ocrx_word' id='word_1_35' title='bbox 780 1003 859 1051; x_wconf 90' lang='lat' dir='ltr'><strong>non</strong></span> <span class='ocrx_word' id='word_1_36' title='bbox 877 983 1032 1078; x_wconf 86' lang='lat' dir='ltr'><strong>poterit,</strong></span> <span class='ocrx_word' id='word_1_37' title='bbox 1053 981 1104 1055; x_wconf 90' lang='lat' dir='ltr'><strong>ob</strong></span> 
     </span>
     <span class='ocr_line' id='line_1_6' title="bbox 100 1093 1106 1199; baseline 0 -28"><span class='ocrx_word' id='word_1_38' title='bbox 100 1100 296 1197; x_wconf 85' lang='lat' dir='ltr'><strong>signorum</strong></span> <span class='ocrx_word' id='word_1_39' title='bbox 322 1093 507 1169; x_wconf 80' lang='lat' dir='ltr'><strong>defectum</strong></span> <span class='ocrx_word' id='word_1_40' title='bbox 527 1097 567 1168; x_wconf 89' lang='lat' dir='ltr'><strong>iu</strong></span> <span class='ocrx_word' id='word_1_41' title='bbox 584 1095 848 1170; x_wconf 83' lang='lat' dir='ltr'><strong>observatione</strong></span> <span class='ocrx_word' id='word_1_42' title='bbox 868 1123 969 1170; x_wconf 87' lang='lat' dir='ltr'><strong>mea:</strong></span> <span class='ocrx_word' id='word_1_43' title='bbox 991 1125 1106 1199; x_wconf 87' lang='lat' dir='ltr'><strong>quam</strong></span> 
     </span>
     <span class='ocr_line' id='line_1_7' title="bbox 100 1216 314 1311; baseline -0.019 -23"><span class='ocrx_word' id='word_1_44' title='bbox 100 1218 155 1288; x_wconf 88' lang='lat' dir='ltr'><strong>sic</strong></span> <span class='ocrx_word' id='word_1_45' title='bbox 175 1216 314 1311; x_wconf 89' lang='lat' dir='ltr'><strong>accipe.</strong></span> 
     </span>
    </p>

    <p class='ocr_par' dir='ltr' id='par_1_3' title="bbox 101 1331 1112 2724">
     <span class='ocr_line' id='line_1_8' title="bbox 153 1331 1109 1430; baseline 0.005 -25"><span class='ocrx_word' id='word_1_46' title='bbox 153 1335 188 1405; x_wconf 89' lang='grc'><strong>8.</strong></span> <span class='ocrx_word' id='word_1_47' title='bbox 206 1332 344 1404; x_wconf 89' lang='lat' dir='ltr'><strong>Mulier</strong></span> <span class='ocrx_word' id='word_1_48' title='bbox 353 1331 599 1430; x_wconf 82' lang='lat' dir='ltr'><strong>quadraginta</strong></span> <span class='ocrx_word' id='word_1_49' title='bbox 609 1331 758 1402; x_wconf 87' lang='lat' dir='ltr'><strong>circiter</strong></span> <span class='ocrx_word' id='word_1_50' title='bbox 766 1357 887 1406; x_wconf 85' lang='lat' dir='ltr'><strong>annos</strong></span> <span class='ocrx_word' id='word_1_51' title='bbox 898 1350 1004 1424; x_wconf 84' lang='lat' dir='ltr'><strong>nata,</strong></span> <span class='ocrx_word' id='word_1_52' title='bbox 1018 1333 1109 1410; x_wconf 89' lang='lat' dir='ltr'><strong>libe·</strong></span> 
     </span>
     <span class='ocr_line' id='line_1_9' title="bbox 102 1448 1108 1544; baseline 0.001 -21"><span class='ocrx_word' id='word_1_53' title='bbox 102 1475 239 1524; x_wconf 89' lang='lat' dir='ltr'><strong>rurum</strong></span> <span class='ocrx_word' id='word_1_54' title='bbox 255 1464 391 1536; x_wconf 85' lang='lat' dir='ltr'><strong>mater,</strong></span> <span class='ocrx_word' id='word_1_55' title='bbox 409 1449 516 1544; x_wconf 92' lang='lat' dir='ltr'><strong>cujus</strong></span> <span class='ocrx_word' id='word_1_56' title='bbox 535 1448 674 1520; x_wconf 86' lang='lat' dir='ltr'>sinistri</span> <span class='ocrx_word' id='word_1_57' title='bbox 690 1449 791 1520; x_wconf 86' lang='lat' dir='ltr'><strong>oculi</strong></span> <span class='ocrx_word' id='word_1_58' title='bbox 808 1451 897 1522; x_wconf 87' lang='lat' dir='ltr'><strong>vitia</strong></span> <span class='ocrx_word' id='word_1_59' title='bbox 913 1451 994 1523; x_wconf 89' lang='lat' dir='ltr'><strong>aliis</strong></span> <span class='ocrx_word' id='word_1_60' title='bbox 1007 1451 1055 1527; x_wconf 86' lang='lat' dir='ltr'><strong>ad</strong></span> <span class='ocrx_word' id='word_1_61' title='bbox 1071 1467 1108 1525; x_wconf 84' lang='lat' dir='ltr'><strong>te</strong></span> 
     </span>
     <span class='ocr_line' id='line_1_10' title="bbox 101 1565 1109 1668; baseline 0 -28"><span class='ocrx_word' id='word_1_62' title='bbox 101 1567 238 1640; x_wconf 87' lang='lat' dir='ltr'><strong>litteris</strong></span> <span class='ocrx_word' id='word_1_63' title='bbox 250 1567 264 1662; x_wconf 66' lang='lat' dir='ltr'><strong>l</strong></span> <span class='ocrx_word' id='word_1_64' title='bbox 271 1566 305 1664; x_wconf 85' lang='grc' dir='ltr'><strong>ι)</strong></span> <span class='ocrx_word' id='word_1_65' title='bbox 320 1565 519 1664; x_wconf 73' lang='lat' dir='ltr'>descripsi,</span> <span class='ocrx_word' id='word_1_66' title='bbox 535 1566 645 1638; x_wconf 80' lang='lat' dir='ltr'><strong>certis</strong></span> <span class='ocrx_word' id='word_1_67' title='bbox 655 1566 703 1638; x_wconf 88' lang='lat' dir='ltr'><strong>de</strong></span> <span class='ocrx_word' id='word_1_68' title='bbox 716 1569 857 1657; x_wconf 85' lang='lat' dir='ltr'><strong>causis,</strong></span> <span class='ocrx_word' id='word_1_69' title='bbox 875 1593 967 1668; x_wconf 88' lang='lat' dir='ltr'><strong>quas</strong></span> <span class='ocrx_word' id='word_1_70' title='bbox 983 1571 1109 1668; x_wconf 80' lang='lat' dir='ltr'><strong>requi.-</strong></span> 
     </span>
     <span class='ocr_line' id='line_1_11' title="bbox 104 1682 1110 1782; baseline -0.006 -24"><span class='ocrx_word' id='word_1_71' title='bbox 104 1710 197 1758; x_wconf 91' lang='lat' dir='ltr'><strong>rens</strong></span> <span class='ocrx_word' id='word_1_72' title='bbox 211 1685 305 1757; x_wconf 85' lang='lat' dir='ltr'><strong>scire</strong></span> <span class='ocrx_word' id='word_1_73' title='bbox 322 1709 401 1756; x_wconf 89' lang='lat' dir='ltr'><strong>non</strong></span> <span class='ocrx_word' id='word_1_74' title='bbox 420 1682 610 1782; x_wconf 83' lang='lat' dir='ltr'><strong>potui:·ab</strong></span> <span class='ocrx_word' id='word_1_75' title='bbox 629 1685 674 1755; x_wconf 91' lang='lat' dir='ltr'><strong>iis</strong></span> <span class='ocrx_word' id='word_1_76' title='bbox 695 1708 792 1780; x_wconf 89' lang='lat' dir='ltr'><strong>quos</strong></span> <span class='ocrx_word' id='word_1_77' title='bbox 812 1685 1014 1777; x_wconf 87' lang='lat' dir='ltr'><strong>babuerat,</strong></span> <span class='ocrx_word' id='word_1_78' title='bbox 1032 1707 1110 1760; x_wconf 64' lang='lat' dir='ltr'><strong>me,</strong></span> 
     </span>
     <span class='ocr_line' id='line_1_12' title="bbox 104 1786 1112 1900; baseline -0.002 -22"><span class='ocrx_word' id='word_1_79' title='bbox 104 1805 202 1878; x_wconf 91' lang='lat' dir='ltr'><strong>dicis</strong></span> <span class='ocrx_word' id='word_1_80' title='bbox 224 1786 450 1900; x_wconf 85' lang='lat' dir='ltr'><strong>pulmonum</strong></span> <span class='ocrx_word' id='word_1_81' title='bbox 466 1797 628 1873; x_wconf 83' lang='lat' dir='ltr'><strong>infarctu</strong></span> <span class='ocrx_word' id='word_1_82' title='bbox 644 1799 815 1876; x_wconf 85' lang='lat' dir='ltr'><strong>laborare</strong></span> <span class='ocrx_word' id='word_1_83' title='bbox 836 1802 998 1889; x_wconf 81' lang='lat' dir='ltr'><strong>credita,</strong></span> <span class='ocrx_word' id='word_1_84' title='bbox 1022 1827 1112 1877; x_wconf 84' lang='lat' dir='ltr'><strong>eum</strong></span> 
     </span>
     <span class='ocr_line' id='line_1_13' title="bbox 105 1917 1111 2018; baseline 0.001 -25"><span class='ocrx_word' id='word_1_85' title='bbox 105 1924 147 1993; x_wconf 89' lang='lat' dir='ltr'><strong>in</strong></span> <span class='ocrx_word' id='word_1_86' title='bbox 165 1921 388 1993; x_wconf 88' lang='lat' dir='ltr'><strong>nosocomio</strong></span> <span class='ocrx_word' id='word_1_87' title='bbox 404 1919 558 1991; x_wconf 90' lang='lat' dir='ltr'><strong>demum</strong></span> <span class='ocrx_word' id='word_1_88' title='bbox 575 1932 724 1990; x_wconf 85' lang='lat' dir='ltr'><strong>mortua</strong></span> <span class='ocrx_word' id='word_1_89' title='bbox 734 1933 847 2005; x_wconf 81' lang='lat' dir='ltr'><strong>esset,</strong></span> <span class='ocrx_word' id='word_1_90' title='bbox 861 1917 1032 2018; x_wconf 91' lang='lat' dir='ltr'><strong>pulsibus</strong></span> <span class='ocrx_word' id='word_1_91' title='bbox 1042 1946 1111 2018; x_wconf 84' lang='lat' dir='ltr'><strong>per</strong></span> 
     </span>
     <span class='ocr_line' id='line_1_14' title="bbox 104 2033 1109 2130; baseline -0.004 -18"><span class='ocrx_word' id='word_1_92' title='bbox 104 2054 295 2112; x_wconf 79' lang='lat' dir='ltr'><strong>extremos</strong></span> <span class='ocrx_word' id='word_1_93' title='bbox 311 2037 395 2109; x_wconf 91' lang='lat' dir='ltr'><strong>illos</strong></span> <span class='ocrx_word' id='word_1_94' title='bbox 418 2036 496 2108; x_wconf 92' lang='lat' dir='ltr'><strong>dies</strong></span> <span class='ocrx_word' id='word_1_95' title='bbox 511 2034 736 2123; x_wconf 77' lang='lat' dir='ltr'><strong>humilibus,</strong></span> <span class='ocrx_word' id='word_1_96' title='bbox 756 2033 848 2108; x_wconf 82' lang='lat' dir='ltr'><strong>faeie</strong></span> <span class='ocrx_word' id='word_1_97' title='bbox 873 2036 1109 2130; x_wconf 73' lang='lat' dir='ltr'><strong>rubicunda,</strong></span> 
     </span>
     <span class='ocr_line' id='line_1_15' title="bbox 104 2151 1111 2250; baseline -0.001 -22"><span class='ocrx_word' id='word_1_98' title='bbox 104 2156 217 2228; x_wconf 85' lang='lat' dir='ltr'><strong>nullu</strong></span> <span class='ocrx_word' id='word_1_99' title='bbox 234 2155 387 2242; x_wconf 89' lang='lat' dir='ltr'><strong>delirio,</strong></span> <span class='ocrx_word' id='word_1_100' title='bbox 405 2153 510 2225; x_wconf 90' lang='lat' dir='ltr'><strong>nulla</strong></span> <span class='ocrx_word' id='word_1_101' title='bbox 529 2177 711 2250; x_wconf 88' lang='lat' dir='ltr'><strong>soporosa</strong></span> <span class='ocrx_word' id='word_1_102' title='bbox 730 2151 928 2228; x_wconf 86' lang='lat' dir='ltr'><strong>affectione</strong></span> <span class='ocrx_word' id='word_1_103' title='bbox 948 2167 1111 2243; x_wconf 80' lang='lat' dir='ltr'><strong>tentata,</strong></span> 
     </span>
     <span class='ocr_line' id='line_1_16' title="bbox 109 2270 1111 2372; baseline -0.002 -26"><span class='ocrx_word' id='word_1_104' title='bbox 109 2273 182 2346; x_wconf 89' lang='lat' dir='ltr'><strong>sub</strong></span> <span class='ocrx_word' id='word_1_105' title='bbox 192 2274 342 2344; x_wconf 90' lang='lat' dir='ltr'><strong>initium</strong></span> <span class='ocrx_word' id='word_1_106' title='bbox 355 2270 482 2372; x_wconf 88' lang='lat' dir='ltr'><strong>aprilis</strong></span> <span class='ocrx_word' id='word_1_107' title='bbox 499 2271 589 2342; x_wconf 80' lang='lat' dir='ltr'><strong>an&#39;ni</strong></span> <span class='ocrx_word' id='word_1_108' title='bbox 607 2271 868 2369; x_wconf 70' lang='lat' dir='ltr'><strong>1741anobis‚</strong></span> <span class='ocrx_word' id='word_1_109' title='bbox 884 2271 1011 2372; x_wconf 84' lang='lat' dir='ltr'><strong>plures</strong></span> <span class='ocrx_word' id='word_1_110' title='bbox 1021 2289 1111 2346; x_wconf 86' lang='lat' dir='ltr'><strong>tunc</strong></span> 
     </span>
     <span class='ocr_line' id='line_1_17' title="bbox 108 2389 1112 2488; baseline 0.003 -26"><span class='ocrx_word' id='word_1_111' title='bbox 108 2389 209 2464; x_wconf 86' lang='lat' dir='ltr'><strong>forte</strong></span> <span class='ocrx_word' id='word_1_112' title='bbox 226 2392 419 2488; x_wconf 82' lang='lat' dir='ltr'><strong>variasque</strong></span> <span class='ocrx_word' id='word_1_113' title='bbox 432 2391 659 2463; x_wconf 80' lang='lat' dir='ltr'><strong>anatomicas</strong></span> <span class='ocrx_word' id='word_1_114' title='bbox 672 2391 982 2488; x_wconf 87' lang='lat' dir='ltr'><strong>perquisitiones‚</strong></span> <span class='ocrx_word' id='word_1_115' title='bbox 998 2405 1039 2464; x_wconf 85' lang='lat' dir='ltr'><strong>ut</strong></span> <span class='ocrx_word' id='word_1_116' title='bbox 1052 2415 1112 2464; x_wconf 74' lang='lat' dir='ltr'><strong>sae-</strong></span> 
     </span>
     <span class='ocr_line' id='line_1_18' title="bbox 110 2497 1112 2608; baseline 0.001 -27"><span class='ocrx_word' id='word_1_117' title='bbox 110 2510 198 2608; x_wconf 91' lang='lat' dir='ltr'><strong>pius</strong></span> <span class='ocrx_word' id='word_1_118' title='bbox 213 2508 397 2596; x_wconf 90' lang='lat' dir='ltr'><strong>solemus,</strong></span> <span class='ocrx_word' id='word_1_119' title='bbox 419 2497 696 2606; x_wconf 79' lang='lat' dir='ltr'><strong>repetentibus,</strong></span> <span class='ocrx_word' id='word_1_120' title='bbox 714 2507 916 2607; x_wconf 79' lang='lat' dir='ltr'><strong>diligenter</strong></span> <span class='ocrx_word' id='word_1_121' title='bbox 938 2524 1112 2582; x_wconf 85' lang='lat' dir='ltr'><strong>cunseeta</strong></span> 
     </span>
     <span class='ocr_line' id='line_1_19' title="bbox 110 2642 898 2724; baseline 0 -25"><span class='ocrx_word' id='word_1_122' title='bbox 110 2642 177 2700; x_wconf 91' lang='lat' dir='ltr'><strong>est.</strong></span> <span class='ocrx_word' id='word_1_123' title='bbox 895 2714 898 2724; x_wconf 30' lang='grc' dir='ltr'><strong><em>Ι</em></strong></span> 
     </span>
    </p>

    <p class='ocr_par' dir='ltr' id='par_1_4' title="bbox 111 2739 1177 3780">
     <span class='ocr_line' id='line_1_20' title="bbox 158 2739 1112 2840; baseline 0.002 -26"><span class='ocrx_word' id='word_1_124' title='bbox 158 2747 206 2814; x_wconf 92' lang='lat' dir='ltr'><strong>In</strong></span> <span class='ocrx_word' id='word_1_125' title='bbox 229 2757 361 2814; x_wconf 85' lang='lat' dir='ltr'><strong>ventre</strong></span> <span class='ocrx_word' id='word_1_126' title='bbox 388 2739 485 2812; x_wconf 91' lang='lat' dir='ltr'><strong>nihil</strong></span> <span class='ocrx_word' id='word_1_127' title='bbox 509 2739 613 2838; x_wconf 89' lang='lat' dir='ltr'><strong>quod</strong></span> <span class='ocrx_word' id='word_1_128' title='bbox 639 2757 773 2840; x_wconf 77' lang='lat' dir='ltr'><strong>praeter</strong></span> <span class='ocrx_word' id='word_1_129' title='bbox 796 2757 969 2816; x_wconf 83' lang='lat' dir='ltr'><strong>naturam</strong></span> <span class='ocrx_word' id='word_1_130' title='bbox 996 2760 1112 2834; x_wconf 84' lang='lat' dir='ltr'><strong>esset,</strong></span> 
     </span>
     <span class='ocr_line' id='line_1_21' title="bbox 111 2857 1114 2960; baseline 0.001 -26"><span class='ocrx_word' id='word_1_131' title='bbox 111 2857 451 2960; x_wconf 82' lang='lat' dir='ltr'><strong>deprehendimus,</strong></span> <span class='ocrx_word' id='word_1_132' title='bbox 462 2857 491 2928; x_wconf 91' lang='lat' dir='ltr'><strong>si</strong></span> <span class='ocrx_word' id='word_1_133' title='bbox 503 2872 636 2930; x_wconf 84' lang='lat' dir='ltr'><strong>testem</strong></span> <span class='ocrx_word' id='word_1_134' title='bbox 650 2860 860 2949; x_wconf 88' lang='lat' dir='ltr'><strong>sinistrum,</strong></span> <span class='ocrx_word' id='word_1_135' title='bbox 872 2877 910 2932; x_wconf 85' lang='lat' dir='ltr'><strong>et</strong></span> <span class='ocrx_word' id='word_1_136' title='bbox 918 2864 1017 2933; x_wconf 83' lang='lat' dir='ltr'><strong>uteri</strong></span> <span class='ocrx_word' id='word_1_137' title='bbox 1027 2859 1114 2934; x_wconf 51' lang='lat' dir='ltr'><strong>fun*</strong></span> 
     </span>
     <span class='ocr_line' id='line_1_22' title="bbox 113 2973 1115 3075; baseline 0 -23"><span class='ocrx_word' id='word_1_138' title='bbox 113 2979 208 3052; x_wconf 92' lang='lat' dir='ltr'><strong>dum</strong></span> <span class='ocrx_word' id='word_1_139' title='bbox 228 2978 397 3075; x_wconf 85' lang='lat' dir='ltr'><strong>excipias.</strong></span> <span class='ocrx_word' id='word_1_140' title='bbox 421 2975 488 3048; x_wconf 91' lang='lat' dir='ltr'><strong>Ille</strong></span> <span class='ocrx_word' id='word_1_141' title='bbox 508 2978 609 3048; x_wconf 90' lang='lat' dir='ltr'><strong>enim</strong></span> <span class='ocrx_word' id='word_1_142' title='bbox 639 2976 816 3073; x_wconf 84' lang='lat' dir='ltr'><strong>hydatide</strong></span> <span class='ocrx_word' id='word_1_143' title='bbox 839 2973 1018 3052; x_wconf 83' lang='lat' dir='ltr'><strong>interiore</strong></span> <span class='ocrx_word' id='word_1_144' title='bbox 1039 2979 1115 3066; x_wconf 82' lang='lat' dir='ltr'><strong>dis-</strong></span> 
     </span>
     <span class='ocr_line' id='line_1_23' title="bbox 114 3092 1114 3193; baseline -0.002 -23"><span class='ocrx_word' id='word_1_145' title='bbox 114 3111 259 3183; x_wconf 88' lang='lat' dir='ltr'><strong>tentus,</strong></span> <span class='ocrx_word' id='word_1_146' title='bbox 276 3109 484 3166; x_wconf 86' lang='lat' dir='ltr'><strong>castaneam</strong></span> <span class='ocrx_word' id='word_1_147' title='bbox 504 3092 697 3191; x_wconf 77' lang='lat' dir='ltr'><strong>aequabat:</strong></span> <span class='ocrx_word' id='word_1_148' title='bbox 718 3093 780 3165; x_wconf 85' lang='lat' dir='ltr'><strong>hie</strong></span> <span class='ocrx_word' id='word_1_149' title='bbox 795 3095 960 3193; x_wconf 85' lang='lat' dir='ltr'><strong>quodam</strong></span> <span class='ocrx_word' id='word_1_150' title='bbox 973 3097 1013 3166; x_wconf 88' lang='lat' dir='ltr'><strong>in</strong></span> <span class='ocrx_word' id='word_1_151' title='bbox 1028 3096 1114 3168; x_wconf 82' lang='lat' dir='ltr'><strong>loeo</strong></span> 
     </span>
     <span class='ocr_line' id='line_1_24' title="bbox 115 3195 1118 3310; baseline -0.002 -24"><span class='ocrx_word' id='word_1_152' title='bbox 115 3211 224 3286; x_wconf 82' lang='lat' dir='ltr'><strong>faciei</strong></span> <span class='ocrx_word' id='word_1_153' title='bbox 242 3213 397 3282; x_wconf 83' lang='lat' dir='ltr'><strong>internae</strong></span> <span class='ocrx_word' id='word_1_154' title='bbox 418 3211 640 3298; x_wconf 85' lang='lat' dir='ltr'><strong>anterioris,</strong></span> <span class='ocrx_word' id='word_1_155' title='bbox 656 3211 823 3308; x_wconf 87' lang='lat' dir='ltr'><strong>itemque</strong></span> <span class='ocrx_word' id='word_1_156' title='bbox 837 3195 880 3282; x_wconf 88' lang='lat' dir='ltr'><strong>in</strong></span> <span class='ocrx_word' id='word_1_157' title='bbox 895 3212 1014 3284; x_wconf 80' lang='lat' dir='ltr'><strong>altero</strong></span> <span class='ocrx_word' id='word_1_158' title='bbox 1034 3235 1118 3310; x_wconf 87' lang='lat' dir='ltr'><strong>pos·</strong></span> 
     </span>
     <span class='ocr_line' id='line_1_25' title="bbox 114 3326 1118 3406; baseline -0.002 -2"><span class='ocrx_word' id='word_1_159' title='bbox 114 3331 266 3404; x_wconf 87' lang='lat' dir='ltr'><strong>terioris</strong></span> <span class='ocrx_word' id='word_1_160' title='bbox 277 3328 516 3406; x_wconf 83' lang='lat' dir='ltr'><strong>excrescebat</strong></span> <span class='ocrx_word' id='word_1_161' title='bbox 532 3331 572 3400; x_wconf 92' lang='lat' dir='ltr'><strong>iu</strong></span> <span class='ocrx_word' id='word_1_162' title='bbox 590 3327 837 3400; x_wconf 83' lang='lat' dir='ltr'><strong>substantiam</strong></span> <span class='ocrx_word' id='word_1_163' title='bbox 858 3355 905 3401; x_wconf 83' lang='lat' dir='ltr'><strong>ex</strong></span> <span class='ocrx_word' id='word_1_164' title='bbox 928 3326 1033 3403; x_wconf 74' lang='lat' dir='ltr'><strong>fusco</strong></span> <span class='ocrx_word' id='word_1_165' title='bbox 1052 3355 1118 3402; x_wconf 55' lang='lat' dir='ltr'><strong>ru*</strong></span> 
     </span>
     <span class='ocr_line' id='line_1_26' title="bbox 114 3447 1118 3544; baseline -0.003 -21"><span class='ocrx_word' id='word_1_166' title='bbox 114 3449 290 3532; x_wconf 83' lang='lat' dir='ltr'><strong>bentem‚</strong></span> <span class='ocrx_word' id='word_1_167' title='bbox 309 3447 549 3544; x_wconf 82' lang='lat' dir='ltr'><strong>inaequalem,</strong></span> <span class='ocrx_word' id='word_1_168' title='bbox 566 3447 712 3517; x_wconf 89' lang='lat' dir='ltr'><strong>ambitu</strong></span> <span class='ocrx_word' id='word_1_169' title='bbox 723 3447 978 3542; x_wconf 78' lang='lat' dir='ltr'><strong>subrutundO,</strong></span> <span class='ocrx_word' id='word_1_170' title='bbox 995 3447 1118 3521; x_wconf 78' lang='lat' dir='ltr'><strong>altitu·</strong></span> 
     </span>
     <span class='ocr_line' id='line_1_27' title="bbox 117 3564 1120 3660; baseline -0.004 -20"><span class='ocrx_word' id='word_1_171' title='bbox 117 3567 208 3640; x_wconf 85' lang='lat' dir='ltr'><strong>diue</strong></span> <span class='ocrx_word' id='word_1_172' title='bbox 221 3564 380 3636; x_wconf 82' lang='lat' dir='ltr'><strong>modica.</strong></span> <span class='ocrx_word' id='word_1_173' title='bbox 393 3564 542 3635; x_wconf 84' lang='lat' dir='ltr'><strong>Thorax</strong></span> <span class='ocrx_word' id='word_1_174' title='bbox 553 3564 751 3660; x_wconf 88' lang='lat' dir='ltr'><strong>pulmones</strong></span> <span class='ocrx_word' id='word_1_175' title='bbox 765 3564 897 3637; x_wconf 90' lang='lat' dir='ltr'><strong>habuit</strong></span> <span class='ocrx_word' id='word_1_176' title='bbox 916 3591 1026 3638; x_wconf 89' lang='lat' dir='ltr'><strong>sanos</strong></span> <span class='ocrx_word' id='word_1_177' title='bbox 1042 3591 1120 3637; x_wconf 81' lang='lat' dir='ltr'><strong>om-</strong></span> 
     </span>
     <span class='ocr_line' id='line_1_28' title="bbox 119 3682 1177 3780; baseline -0.004 -24"><span class='ocrx_word' id='word_1_178' title='bbox 119 3685 213 3756; x_wconf 89' lang='lat' dir='ltr'><strong>nino</strong></span> <span class='ocrx_word' id='word_1_179' title='bbox 239 3697 352 3780; x_wconf 86' lang='lat' dir='ltr'><strong>atque</strong></span> <span class='ocrx_word' id='word_1_180' title='bbox 378 3682 563 3780; x_wconf 84' lang='lat' dir='ltr'><strong>integros,</strong></span> <span class='ocrx_word' id='word_1_181' title='bbox 582 3695 625 3752; x_wconf 92' lang='lat' dir='ltr'><strong>ut</strong></span> <span class='ocrx_word' id='word_1_182' title='bbox 650 3705 717 3752; x_wconf 84' lang='lat' dir='ltr'><strong>cor</strong></span> <span class='ocrx_word' id='word_1_183' title='bbox 733 3707 899 3780; x_wconf 88' lang='lat' dir='ltr'><strong>quoque.</strong></span> <span class='ocrx_word' id='word_1_184' title='bbox 923 3683 995 3754; x_wconf 83' lang='lat' dir='ltr'><strong>Sed</strong></span> <span class='ocrx_word' id='word_1_185' title='bbox 1017 3707 1120 3754; x_wconf 87' lang='lat' dir='ltr'><strong>eere-</strong></span> <span class='ocrx_word' id='word_1_186' title='bbox 1174 3745 1177 3752; x_wconf 92' lang='lat'><em>.</em></span> 
     </span>
    </p>
   </div>
   <div class='ocr_carea' id='block_1_3' title="bbox 159 4051 478 4130">
    <p class='ocr_par' dir='ltr' id='par_1_5' title="bbox 159 4051 478 4130">
     <span class='ocr_line' id='line_1_29' title="bbox 159 4051 478 4130; baseline -0.006 -20"><span class='ocrx_word' id='word_1_187' title='bbox 159 4051 204 4130; x_wconf 84' lang='lat'><strong>(1)</strong></span> <span class='ocrx_word' id='word_1_188' title='bbox 226 4051 324 4129; x_wconf 82' lang='lat' dir='ltr'><strong>Epist.</strong></span> <span class='ocrx_word' id='word_1_189' title='bbox 342 4052 394 4126; x_wconf 80' lang='lat'><strong>13,</strong></span> <span class='ocrx_word' id='word_1_190' title='bbox 406 4071 478 4128; x_wconf 86' lang='lat' dir='ltr'><strong>u.9.</strong></span> 
     </span>
    </p>
   </div>
   <div class='ocr_carea' id='block_1_4' title="bbox 0 0 1412 4670">
    <p class='ocr_par' dir='ltr' id='par_1_6' title="bbox 0 0 1412 4670">
     <span class='ocr_line' id='line_1_30' title="bbox 0 0 1412 4670; baseline 0 0"><span class='ocrx_word' id='word_1_191' title='bbox 0 0 1412 4670; x_wconf 95' lang='lat' dir='ltr'><strong> </strong></span> 
     </span>
    </p>
   </div>
  </div>
 </body>
</html>
