2750 4658
329 437 399 510 238
485 459 532 504 nn
558 455 704 504 snnrsns
729 457 780 522 nr
798 454 923 504 csns1s
948 455 1161 505 noanonnar

331 574 480 646 fectum.
501 569 614 660 Quod
633 570 663 641 si
681 568 729 639 ab
753 593 796 640 ea
815 567 975 641 discedis
993 569 1283 663 observatione,
1297 593 1336 648 et
1359 557 1360 568 ἵ

331 689 619 788 Sepulchretum
637 687 736 772 adis,
758 689 797 756 in
815 712 893 784 quo
914 688 1042 785 plures
1058 704 1150 762 erint
1162 692 1241 763 alia
1256 694 1336 766 des-
1359 745 1360 788 ,

331 810 479 906 criptae,
497 809 573 878 sive
589 829 649 876 eas
668 805 842 902 inspicias
861 806 903 878 in
924 805 1065 903 quibus
1086 807 1158 879 aba
1183 835 1335 910 qnoque

331 927 488 1012 meimet
500 923 862 994 norninatimsimilis
872 925 998 996 cordis
1008 927 1133 997 exesio
1146 951 1231 998 cnm
1243 953 1334 1028 mag·

333 1071 386 1116 no
407 1039 606 1140 pericardii
631 1040 802 1137 hydrope
823 1043 1070 1140 proponitur,
1091 1059 1135 1114 ut
1155 1047 1334 1119 LXXXVI
1359 1077 1360 1118 i

333 1164 463 1261 prinae
479 1161 516 1229 in
538 1158 611 1228 boe
631 1161 666 1226 ΙΙ
684 1157 784 1228 libro
800 1159 1167 1246 sectionis;·urins'm
1183 1163 1331 1260 quidem

335 1277 446 1350 fuisse
473 1278 575 1373 leges
587 1300 774 1375 paucam,
797 1275 862 1346 sed
893 1275 1103 1364 turbidam,
1128 1295 1168 1350 et
1194 1289 1329 1378 sangui.

335 1421 419 1467 nem
436 1396 704 1480 scortaacam3
720 1406 757 1463 at
772 1393 892 1464 missis
911 1393 992 1466 aliis
1008 1417 1091 1492 quas
1103 1397 1179 1468 alio
1194 1400 1331 1472 eviden-
1359 1417 1360 1474 i

334 1527 393 1584 ter
411 1510 642 1597 attinebant,
657 1526 700 1581 ut
721 1509 853 1580 dolore
873 1510 1013 1582 sinistri
1035 1510 1328 1610 hypochondrii,

336 1655 455 1702 unum
472 1627 623 1701 restabit
636 1628 802 1715 asthma,
821 1627 925 1724 quod
941 1643 978 1700 et
997 1653 1042 1700 ex
1054 1646 1161 1727 parte
1174 1632 1249 1704 alio
1258 1658 1329 1731 per·
1359 1621 1360 1664 i

336 1747 499 1835 tinebat,
519 1747 845 1833 violentissimam,
861 1746 937 1817 sive
957 1769 1020 1818 eas
1039 1771 1185 1844 quaeras
1204 1751 1244 1822 in
1260 1750 1328 1849 qui·
1359 1781 1360 1850 t

336 1865 522 1938 busnihil
550 1868 623 1938 nisi
652 1867 904 1966 pericardium
935 1870 1326 1968 memoraturpleaam
1359 1883 1360 1956 t

338 1991 469 2082 aquis,
491 2000 554 2056 aut
574 1991 771 2056 emmonem
789 1991 827 2054 ia
848 2000 1034 2060 tamarem·
1041 1986 1204 2070 elatam,
1217 1988 1328 2087 plari·

338 2103 406 2172 bas
425 2102 530 2172 libris
549 2125 661 2198 aqam
687 2099 904 2188 distentam
925 2123 995 2199 pro
1020 2103 1137 2200 signis
1161 2106 1326 2177 omnibus
1359 2083 1360 2112 ¹

337 2216 417 2288 haee
445 2219 635 2306 invenies,
664 2243 731 2288 cor
756 2219 995 2288 veliementer
1011 2217 1246 2318 palpitasse,
1275 2235 1327 2293 aut
1359 2227 1360 2314 ᾖ

222 2416 227 2424 .
336 2361 475 2434 aegrurn
476 2335 709 2434 jampridem
721 2335 1200 2435 palpaitatione'laborasse,
1222 2344 1325 2439 etspi·

336 2453 451 2524 randi
473 2453 716 2548 difficaltate,
736 2469 778 2526 ut
800 2457 838 2523 in
858 2457 884 2546 §
906 2477 948 2524 10
968 2457 1046 2544 eta
1067 2456 1325 2530 observationis

335 2573 422 2639 XXI
437 2571 612 2642 sectionis
629 2575 731 2658 vlla
749 2573 787 2640 in
805 2595 918 2669 quam
939 2575 1168 2660 sectionem,
1198 2580 1324 2674 qnippe
1359 2643 1360 2686 ,

336 2685 383 2756 ad
403 2685 526 2758 cordis
549 2689 833 2787 palpitationem
860 2705 1109 2788 spectantem,
1130 2692 1190 2764 vel
1214 2695 1326 2791 plures

335 2827 450 2901 quam
471 2805 612 2877 ineam
635 2811 652 2876 i
675 2807 798 2878 relatae
824 2823 912 2879 sunt
932 2807 1116 2908 hydropis
1131 2809 1249 2907 hujus
1263 2811 1323 2880 his·

332 2936 446 2993 tona.
709 3008 711 3011 v
1359 2939 1360 2978 ³

383 3039 439 3111 23.
467 3041 656 3129 Quoniam
675 3039 722 3112 ad
739 3041 886 3138 signum
911 3057 1065 3113 ventum
1086 3059 1159 3133 est,
1188 3043 1320 3129 Galeni,

333 3173 374 3230 ut
398 3183 510 3257 supra
536 3159 604 3256 (η’
617 3160 779 3230 diximus
798 3159 1017 3256 conjectura
1040 3163 1267 3253 indicatum
1284 3161 1320 3232 de

332 3302 394 3365 eo,
414 3292 449 3347 et
462 3277 509 3348 de
523 3278 662 3365 altero,
680 3277 792 3348 simui
809 3277 962 3367 tradito,
977 3279 1151 3378 quadam
1162 3283 1326 3372 videlicet

332 3397 616 3490 significatione,
633 3394 793 3493 qaod'in
807 3395 963 3469 hamore
972 3421 1042 3468 cor
1050 3403 1172 3496 r'pr'sam
1189 3419 1317 3471 movea-

332 3525 411 3599 tar;
428 3537 475 3582 an
492 3536 552 3584 res
572 3514 705 3612 sapius
717 3513 771 3584 illi
785 3515 1011 3612 respondeat
1022 3517 1262 3613 conjecturae,
1277 3510 1318 3581 vi·

331 3627 499 3702 dendum
525 3645 588 3703 est.
614 3633 751 3704 Noster
773 3633 928 3731 quidem·
952 3637 1128 3724 Saxonis,
1147 3649 1189 3707 ut
1210 3637 1249 3714 in
1268 3635 1316 3701 Se·

370 4003 532 4080 (or-20-
