2842 4672
334 380 381 486 78
505 409 551 456 nn
578 405 724 456 sumnus
749 407 792 456 nr
818 405 942 454 ciuus
967 405 1179 464 uoruonuu

330 523 478 594 firmare
500 522 586 593 satis
606 522 676 592 erit
693 518 866 590 indicatis
883 521 1047 616 Verneyi
1064 519 1349 593 observationi-

326 641 433 724 huss
424 666 464 711 ιη
477 644 530 710 111
544 653 646 736 parte
659 649 838 710 tractatus
852 636 898 710 de
914 661 1058 735 organo
1072 638 1245 711 auditus:
1266 665 1345 738 quo

330 785 375 831 ex
400 772 561 830 tractatu
586 781 673 862 curn
698 755 738 826 in
767 754 1030 828 additamentis
1055 756 1102 826 ad
1128 758 1344 829 sectionem
1404 779 1405 842 ἢ

330 877 430 948 hane
448 878 536 944 xlx
553 888 589 946 et
608 899 678 961 eae,
695 888 731 945 et
750 873 828 943 aliae
847 871 1009 970 produci
1029 872 1276 962 debuissent,
1297 900 1345 946 ne

330 994 500 1066 indicatae
522 989 677 1091 quidem
698 1005 795 1063 sunt.
813 995 886 1077 Tu,
909 990 1011 1062 illis
1003 993 1202 1090 inspectis,
1219 1017 1345 1092 quam

333 1134 428 1208 saepe
447 1107 582 1180 medici
599 1109 638 1178 in
656 1106 842 1204 ejusmodi
851 1107 995 1219 judicio
1009 1106 1206 1200 fallantur,
1227 1109 1344 1181 intel-

332 1228 443 1326 liges,
464 1241 555 1297 tunc
580 1251 734 1323 quoque
748 1313 751 1320 Ι
766 1251 853 1299 eum
879 1250 1101 1326 suppress0,
1122 1225 1227 1299 velut
1253 1227 1341 1316 hie,

332 1341 509 1416 effluente
526 1367 594 1440 per
610 1367 738 1413 aurem
753 1367 848 1440 pure
860 1398 870 1433 ,
884 1341 1057 1416 homines
1067 1349 1176 1440 quasi
1185 1359 1342 1444 repente

333 1464 551 1533 moriuntur.
567 1461 613 1531 A‘t
627 1461 749 1548 enim,
766 1461 935 1558 inquies,
956 1485 1082 1533 serum
1105 1461 1211 1559 quod
1237 1463 1342 1533 intra

332 1580 502 1650 cranium
520 1577 769 1676 deprehendit
777 1582 991 1676 Verneyus,
1006 1604 1086 1650 non
1101 1593 1180 1652 erat
1191 1581 1276 1677 ejus
1293 1581 1338 1652 si·
1404 1583 1405 1640 ἲ

332 1696 421 1770 mile
436 1722 517 1794 quae
536 1721 604 1794 per
620 1721 748 1766 aurem
775 1695 971 1795 prodibat,
988 1697 1170 1788 materiae3
1184 1697 1250 1769 hic
1270 1723 1336 1770 au-

257 1824 259 1828 ’
332 1830 409 1888 tem
425 1838 508 1912 quae
518 1829 604 1912 post
621 1829 782 1886 mortem
802 1840 847 1886 ex
861 1813 1015 1888 auribus
1032 1830 1069 1888 et
1084 1816 1240 1890 naribus
1252 1817 1336 1916 plu·

332 1935 427 2006 rima
444 1931 605 2018 effluxit,
623 1932 753 2005 eadem
771 1931 921 2005 videtur
936 1934 1057 2006 sanies
1066 1931 1177 2008 fuisse
1192 1961 1276 2033 quae
1291 1960 1334 2007 ex

331 2076 421 2124 aure
439 2051 529 2123 olim
548 2049 734 2123 effluebat.
751 2051 866 2141 Quasi
881 2038 972 2122 vero
993 2076 1072 2124 non
1091 2052 1164 2126 nisi
1180 2079 1200 2125 e
1216 2053 1334 2124 cranii

331 2194 422 2242 cavo
448 2169 487 2240 in
510 2191 617 2242 aures
641 2193 825 2266 naresque
850 2193 1047 2272 erumpere
1067 2186 1335 2269 postmortem

329 2283 535 2386 potuisset!
558 2309 643 2356 cum
671 2287 774 2358 sinus
795 2287 974 2385 pituitarii
997 2287 1037 2359 in
1056 2289 1137 2361 nasi
1152 2289 1333 2371 interiora
1403 2343 1404 2382 ,

329 2416 500 2508 pateant,
513 2403 553 2473 in
573 2429 655 2504 quae
672 2417 709 2477 et
725 2403 971 2476 Eustachiana
989 2405 1098 2496 tuha3
1116 2407 1156 2486 in
1177 2407 1251 2481 illis
1269 2433 1330 2480 au·
1403 2399 1404 2410 ¹

236 2581 243 2598 ,
327 2534 405 2591 tem
418 2518 582 2607 sinibus,
599 2535 635 2591 et
653 2519 800 2591 aurium
818 2521 935 2610 cavis,
954 2537 1098 2602 retenta
1115 2549 1136 2595 a
1153 2524 1330 2611 medicis,

329 2635 450 2708 sanies
475 2637 618 2708 secerni
647 2652 684 2708 et
705 2639 917 2712 coacervari
939 2642 1114 2740 potuerit.
1146 2640 1219 2714 Sed
1245 2641 1329 2713 vide

328 2777 443 2857 quarn
461 2753 587 2852 dispar
608 2754 696 2847 tibi,
723 2773 759 2829 et
782 2755 876 2828 mihi
898 2755 1057 2832 insideat
1083 2761 1223 2858 opinio.
1251 2765 1328 2858 Ego

328 2885 429 2942 certe
444 2872 512 2943 etsi
527 2873 697 2944 eamdem
717 2900 800 2978 quae
819 2901 889 2974 per
905 2900 1032 2948 aurern
1054 2877 1153 2949 exire
1171 2877 1327 2965 solebat,

327 2989 467 3090 sauiern
495 3015 572 3061 nou
599 2992 737 3081 modo,
760 3008 802 3065 ut
821 2993 917 3084 dixi,
942 2995 1117 3067 vidissem
1142 2997 1191 3092 in·
1211 2992 1329 3068 cranii

327 3132 438 3196 cav0,
464 3107 530 3180 sed
557 3109 655 3180 viam
686 3112 876 3209 insupera
897 3114 994 3184 carie
1021 3111 1155 3189 factam
1175 3139 1257 3212 quae
1281 3113 1326 3185 ab

324 3223 399 3296 hoc
417 3227 456 3296 in
473 3251 601 3300 aurem
612 3244 777 3328 pateret3
792 3254 871 3300 non
890 3245 1016 3303 tamen
1035 3233 1219 3304 continuo
1237 3257 1327 3332 pro·

324 3343 561 3414 nunciassem
573 3399 582 3432 ,
596 3369 617 3414 a
633 3344 788 3417 cerebro
803 3345 849 3417 ad
867 3339 995 3421 aurem
1011 3351 1225 3448 pervenisse
1238 3403 1249 3438 ,
1262 3347 1326 3422 sed

322 3459 448 3558 potius
467 3476 619 3551 contra,
644 3460 690 3533 ab
712 3488 801 3536 aure
818 3465 866 3537 ad
893 3466 1101 3538 cerebrum.
1122 3466 1225 3558 Quid
1247 3467 1325 3539 ita?
1402 3481 1403 3496 ¹

322 3577 476 3667 Dicam,
495 3604 582 3651 cum
603 3517 696 3652 duas
720 3604 812 3680 quas
835 3571 1014 3682 subjici0,
1035 3586 1240 3684 perlegeris
1257 3584 1325 3656 ob·

324 3697 560 3770 servationes.

373 3813 404 3884 3
434 3817 596 3886 Puerum
614 3818 839 3890 variolamm
857 3820 1023 3919 reliquiae
1042 3820 1133 3893 olim
1156 3821 1325 3894 meleha-

323 3929 484 4005 hueraut
513 3933 561 4004 ad
588 3957 717 4007 aurem
752 3936 954 4013 dexteram.
988 3943 1130 4014 Tumor
1160 3939 1321 4040 denique
