2812 4660
179 392 249 438 nm.
277 392 317 438 11.
346 390 906 457 nu.nonu1srttonacts‚ar1sr.
933 395 1038 444 xvur.
1067 373 1139 474 375

136 519 297 593 cuntur,
317 503 367 574 ita
388 502 618 602 repleverat,
633 504 818 601 utplures
837 528 951 601 quam
975 508 1143 602 soleant,

134 622 236 694 inter
265 645 329 694 eos
353 618 522 696 laterales
543 635 798 708 anastomoses
827 621 929 694 ultro
959 624 1078 698 oculis
1105 651 1144 702 se

137 737 360 834 objicerent.
387 737 462 808 Etsi
486 752 611 808 autem
632 760 840 834 nusquam,
866 763 944 810 non
971 765 1142 818 secunao

132 879 230 926 vena
246 837 352 944 caia,
371 852 522 928 dilatata
549 868 683 952 praeter
711 854 866 928 niodum
891 859 1064 954 apparuit
1085 885 1144 932 ar·

133 973 227 1046 teria
249 995 383 1071 magna
399 998 409 1060 3
428 996 508 1043 non
526 971 616 1045 levia
632 987 757 1044 tamen
775 972 863 1044 vitia
881 986 962 1045 toto
977 976 1144 1050 ostendit

132 1103 295 1176 trunco,
310 1104 346 1159 et
361 1113 407 1160 eo
421 1088 581 1186 majora,
597 1113 674 1187 quo
689 1089 807 1188 magis
821 1089 882 1160 hic
897 1090 945 1164 ad
960 1117 1027 1164 cor
1041 1117 1142 1169 acce·

134 1205 258 1280 debat.
277 1211 370 1278 Cum
390 1205 550 1280 animab
566 1206 683 1284 iliacis
697 1231 818 1304 usque
833 1207 935 1280 intus
953 1224 1049 1282 esset
1061 1235 1141 1287 ma-

133 1323 1141 1422 guisalbidismaculis,inchoamentisvidelicetfuturae

133 1439 412 1529 ossificationis,
431 1442 480 1515 ita
502 1443 710 1541 variegata,
729 1455 771 1514 ut
787 1444 914 1540 paucis
936 1446 1140 1545 parvisque

132 1559 228 1632 locis
243 1558 448 1630 secundum
469 1574 641 1632 naturam
665 1583 702 1632 se
726 1558 903 1645 haberet,
925 1586 1004 1657 quo
1021 1574 1140 1663 magis

132 1701 205 1774 per
230 1675 422 1748 thoracem
448 1674 698 1761 ascendebat,
723 1699 769 1746 eo
795 1677 912 1772 magis
939 1677 978 1748 id
1005 1680 1139 1751 vitium

133 1794 344 1882 crescebat,
360 1810 401 1866 ut
419 1795 639 1894 priusquam
650 1792 697 1863 ad
709 1793 895 1874 sinistram
910 1809 1064 1866 ventum
1081 1821 1139 1868 es·

133 1925 192 1981 set
217 1909 463 1999 subclaviam,
492 1906 726 1982 manifestius
742 1934 793 1980 eae
810 1909 963 1982 maculae
980 1910 1042 1984 hic
1062 1911 1139 1984 illie

132 2027 183 2098 ad
197 2043 368 2100 naturam
384 2029 608 2101 accederent
625 2051 816 2103 ossearum
841 2027 1137 2125 squammarum.

130 2149 400 2218 Verumtamen
416 2169 458 2218 os
473 2169 659 2242 nusquam
681 2140 768 2230 fuit,
782 2170 830 2216 ne
854 2145 953 2216 inter
974 2168 1040 2217 cor
1055 2148 1141 2244 qui·

131 2262 240 2352 dem,
259 2276 295 2334 et
313 2261 407 2334 illud
422 2261 609 2335 orificium
632 2262 737 2360 quod
758 2249 921 2334 dexteris
937 2261 1137 2336 subclaviae

130 2394 170 2452 et
185 2378 341 2451 carotidi
355 2371 555 2455 commune
571 2394 625 2452 est
641 2406 649 2450 ε
667 2403 744 2477 quo
764 2393 845 2452 toto
866 2394 987 2451 tractu
1014 2380 1138 2458 lurida

130 2499 236 2570 intus
259 2512 338 2570 crat
362 2499 521 2586 arteria,
539 2512 575 2570 et
593 2496 766 2594 inaequali
789 2495 961 2596 pluribus
985 2498 1023 2568 iu
1044 2497 1139 2584 locis

128 2612 357 2713 superficie:
378 2639 459 2714 quae
481 2615 569 2686 vitia
593 2638 695 2713 pone
719 2614 816 2713 ipsas
838 2613 948 2686 etiam
969 2615 1137 2689 valvulas

127 2731 374 2804 semilunares
391 2730 625 2804 ostendebat.
642 2730 715 2802 Sed
730 2746 767 2802 et
778 2755 824 2802 eo
839 2745 920 2803 toto
932 2756 1045 2830 quem
1058 2759 1137 2806 mo·

127 2848 181 2920 do
202 2848 388 2938 dicebam,
407 2863 528 2921 tractu
554 2872 595 2918 ea
619 2849 804 2946 parietum
825 2845 963 2920 duritie
988 2848 1078 2939 fuit,
1094 2865 1138 2926 ut

125 2965 167 3038 vi
180 2967 290 3038 etiam
304 2990 438 3066 magna
456 2964 589 3039 adacto
605 2965 726 3036 cultro
743 2966 802 3036 vix
816 2978 943 3062 posset
960 2961 1134 3054 discindi,

126 3099 334 3183 apparente
348 3086 389 3155 in
405 3080 635 3154 sectionibus
648 3081 854 3156 substantia
870 3081 969 3152 inter
987 3081 1135 3154 cartila-

128 3202 247 3300 ginis,
262 3217 298 3282 et
311 3198 505 3300 ligamenti
521 3213 696 3270 naturam
720 3197 853 3270 media.
880 3197 1059 3268 Granium
1076 3196 1135 3270 de-

125 3318 246 3416 nique
261 3317 450 3392 reclusum
464 3330 530 3391 est.
549 3316 621 3388 Sed
637 3330 773 3415 praeter
787 3313 1006 3411 meningum
1021 3338 1135 3390 venas

125 3451 322 3534 turgentes
335 3435 517 3534 sanguine
532 3449 634 3525 atro,
658 3433 761 3532 quali
780 3449 817 3506 et
840 3435 1013 3536 plerique
1029 3439 1134 3518 ¹sinus

126 3554 169 3634 in
186 3575 282 3651 quos
301 3576 351 3627 eae
362 3554 611 3643 corrivantur,
622 3552 775 3636 distenti
789 3567 907 3644 erant,
923 3553 1017 3627 nihil
1027 3552 1135 3653 quid·

127 3695 243 3770 quam
259 3671 414 3770 dignum
429 3666 498 3741 fuit
507 3669 771 3764 adnotatione,
786 3694 873 3754 cum
889 3673 928 3742 in
943 3673 1133 3742 ventricu-

124 3789 172 3862 lis
186 3788 277 3886 ipsis
288 3787 434 3861 cerebri
444 3785 539 3859 nihil
554 3788 627 3860 seri
641 3785 763 3879 effusi,
779 3790 919 3862 nedum
936 3785 1024 3856 alibi
1035 3809 1134 3856 mor·

125 3905 213 3977 bosi
229 3905 422 4006 quidpiam
437 3905 727 4014 conspiceretur.
