2766 4670
172 412 243 460 ma.
270 411 296 460 1.
323 406 853 474 osmonsrscm1r1s‚sr1sr.
879 409 954 458 xrv.
1010 385 1077 461 105

68 542 114 602 ut
128 529 308 628 praeclare
327 529 379 599 ait
397 525 648 600 Boerhaavius
666 525 722 622 (1)
739 530 978 598 interomm'a
994 549 1079 598 sen-

66 672 183 718 suum
201 671 348 745 organa
364 652 529 718 maxime
546 650 811 744 compositum
828 643 1079 743 quamobrem

60 765 249 864 plurimas
265 766 304 835 in
311 789 361 836 eo
364 779 499 864 parces
514 779 552 836 et
561 763 839 836 diversoosimts
853 765 974 838 modis
989 765 1083 838 loedi

68 900 233 981 quomam
247 898 308 972 ut,
324 884 429 982 quod
445 882 534 955 alibi
549 882 604 980 (a)
619 907 706 954 vere
715 879 899 971 affirmat,
916 883 1079 956 surditas

68 1003 229 1074 morbus
248 1025 343 1074 unus
366 1007 415 1073 sit
428 1015 465 1072 et
482 1000 733 1101 millecuplm5
749 1001 788 1072 id
807 1000 1081 1099 comprobante

70 1144 216 1219 magno
233 1119 421 1217 illoquem
433 1120 511 1216 ipse
523 1117 595 1214 (3),
608 1120 746 1216 aliique
757 1117 974 1217 proferunt,
992 1107 1090 1191 cau-w

70 1261 203 1310 sarum
215 1262 375 1309 numero
392 1237 562 1310 auditum
577 1237 800 1310 laedentium.
817 1241 938 1329 Quem
953 1254 1080 1310 tamen

71 1379 280 1428 numerum
295 1357 335 1426 in
360 1354 440 1428 dies
458 1355 586 1452 augeri
607 1379 715 1454 posse
733 1380 813 1426 non
832 1371 887 1427 est
905 1353 1081 1428 dubitan-

72 1471 185 1562 dum,
205 1487 248 1548 ut
257 1488 442 1573 putatum
455 1474 662 1546 innumerae
673 1473 898 1578 membrana
910 1467 1097 1572 quoquo?

72 1615 227 1666 versum
243 1590 381 1678 ductae,
402 1606 439 1664 et
455 1615 494 1664 se
514 1606 647 1662 mutuo
666 1595 1080 1680 intersecantes‚totam

74 1733 225 1782 caveam
244 1710 414 1809 tympani
434 1725 641 1808 occupant;
667 1710 772 1806 quod
791 1712 829 1780 in
851 1735 894 1784 ea
912 1736 1002 1782 aure
1021 1712 1081 1780 in-

73 1829 159 1900 veni
175 1827 251 1926 (4),
271 1853 344 1926 qua
357 1825 553 1900 hominem
568 1817 633 1898 ant
651 1827 762 1914 nihil,
780 1842 842 1898 aut
863 1852 996 1926 parum
1013 1851 1081 1900 au-

74 1943 230 2033 divisse,
251 1945 388 2016 indicia
405 1970 484 2016 non
502 1943 676 2031 deerant3
693 1948 859 2042 itemque
877 1968 963 2016 cum
979 1939 1094 2016 mus-¹

75 2063 185 2134 culus
203 2062 337 2159 aliquis
355 2087 400 2134 ex
419 2063 463 2134 iis
479 2065 545 2159 qui
562 2061 810 2134 ossiculorum
837 2063 877 2132 in
899 2077 1080 2159 tympano

76 2181 198 2252 motui
214 2181 442 2267 inserviunt,
461 2180 682 2268 immobilis,
698 2194 734 2252 et
752 2181 932 2278 strigosus
947 2193 1023 2266 est,
1038 2194 1082 2252 ut

76 2299 112 2370 in
125 2299 247 2370 altero
266 2296 499 2396 deprehendi
517 2295 589 2394 (5),
609 2323 723 2395 quem
741 2299 948 2385 viventem,
964 2297 1081 2395 siquis

78 2414 244 2488 divinare
264 2430 408 2514 posset,
424 2414 473 2487 de
487 2417 598 2488 certis
616 2417 697 2513 ejus
711 2417 810 2488 auris
830 2413 1082 2488 incommodis

76 2558 153 2606 non
171 2531 330 2623 frustra,
354 2533 511 2631 opinor,
537 2535 812 2633 interrogasset.
838 2532 908 2604 Sed
936 2548 973 2605 et
989 2532 1082 2606 alios

80 2674 299 2724 communes
315 2652 485 2722 omnium
504 2650 762 2731 musculorum
780 2649 971 2722 morbosa
990 2674 1082 2749 pan-

80 2769 127 2842 cis
142 2795 242 2868 quos
261 2769 350 2840 alibi
375 2768 543 2857 laudavi,
570 2784 815 2858 memoratos,
844 2793 923 2840 non
942 2769 1082 2839 mirum

80 2887 107 2956 si
124 2889 162 2958 in
180 2902 286 2960 tanto
305 2910 465 2960 numero
479 2886 730 2959 Boerhaavius
744 2886 888 2974 omisit,
913 2886 979 2982 qui
996 2899 1083 2982 post

80 3005 172 3076 mala
199 3005 248 3078 ab
279 3029 316 3076 se
345 3019 580 3093 enumerata,
599 3002 772 3102 plurima
796 3016 973 3101 praeterea
1002 3025 1080 3074 esse

81 3125 230 3222 scripsit.
251 3123 308 3196 Ab
327 3123 407 3194 aliis
423 3147 576 3221 quoque
594 3121 783 3194 surditatis
800 3120 929 3219 plures
944 3118 1081 3190 varias-

83 3264 151 3336 que
165 3265 296 3313 causas
311 3239 454 3312 videbis
471 3240 666 3339 productis
683 3236 863 3336 exemplis
882 3232 1083 3308 confirma-

136 3603 148 3639 1
179 3584 311 3640 Praelect.
324 3582 356 3638 in
369 3584 501 3641 Institut.
515 3588 530 3656 ς
542 3583 610 3643 563.

134 3701 149 3738 a
181 3683 422 3760 Ad'5698‚850
439 3697 468 3741 et
483 3704 545 3762 seq.
594 3667 597 3676 Ι

183 3786 279 3860 Apist.
298 3788 387 3841 Anat.
403 3783 437 3856 5,
450 3805 480 3841 n.
495 3785 544 3842 αδ.

182 3886 274 3959 Epist.
290 3888 378 3941 Anat.
393 3885 468 3956 6‚n.
486 3903 534 3942 aa.

154 3983 164 4062 )
183 3985 276 4062 Epist.
289 3988 379 4043 Anat.
395 4006 429 4058 ς,
446 4005 476 4042 n.
494 3985 540 4044 15.
