2832 4662
201 442 269 490 rm.
297 443 337 490 11.
365 442 412 490 nu
437 441 574 490 nuans
598 442 797 510 ruouacrs,
822 447 934 496 misr.
961 449 1019 496 xx.
1039 425 1120 525 -609

105 571 254 655 ⁸praeter
274 581 420 654 eaquae
439 555 618 644 diximus,
642 557 745 656 signa
767 559 843 634 ulla
865 559 1020 636 fuissent
1039 591 1121 662 quae

119 674 285 746 thoracis
296 673 629 768 inflammationem
640 675 870 784 indicarent3
888 693 1013 752 tamen
1029 707 1125 781 aeger

118 808 291 865 mortuus
312 805 367 866 est
383 817 506 880 nono,
523 818 569 864 ex
588 817 666 888 quo
684 792 912 868 decumbere
941 814 1124 896 coeperat,

121 893 191 982 die.
208 910 387 985 Thoracis
409 910 600 983 sinistrum
623 936 756 983 cavum
780 912 935 1018 plenum
958 918 1029 987 seri
1054 941 1126 1014 pu-

120 1028 262 1101 rulenti
278 1043 470 1126 repertum
490 1043 544 1100 est
559 1055 566 1096 ε
584 1047 662 1126 quo
680 1054 723 1099 cx
744 1053 828 1102 sero
844 1019 1013 1128 quaedam
1034 1057 1127 1104 con-

52 1145 56 1152 '
122 1160 291 1218 creverat
301 1147 407 1242 quasi
425 1145 663 1234 membrana,
678 1171 760 1244 quar
776 1147 1127 1244 pleuraeadhaerens,
1153 1130 1159 1142 l

121 1262 237 1358 hujus
254 1264 537 1360 corruptionem
551 1263 813 1336 mentiebatur.
831 1266 964 1338 Pleur'a
981 1284 1128 1358 tamen',

121 1380 178 1452 illi
197 1381 381 1476 subjecta,
394 1379 622 1452 inflammata
636 1395 713 1450 erat
726 1406 735 1466 3
750 1381 1011 1458 necdissimile
1023 1387 1130 1484 quid-

122 1500 225 1598 piam
250 1498 472 1596 pulmones,
499 1500 671 1595 quamvis
692 1497 896 1586 levissime,
926 1505 1024 1597 passi
1049 1503 1128 1576 fue-

122 1631 219 1687 rant.
247 1617 395 1712 Exiguae
425 1631 550 1686 autem
569 1614 772 1711 polyposoe
793 1618 1063 1690 ¹concretiones
1089 1622 1129 1692 in

121 1722 270 1832 magnis
284 1733 330 1803 ad
349 1735 522 1803 corrasis
537 1730 711 1804 latebant.
941 1741 944 1746 '
1179 1808 1181 1814 ,

176 1849 232 1948 57.
251 1854 484 1948 Pungentem
508 1850 547 1920 in
568 1848 658 1932 hac,
676 1863 719 1920 ut
737 1849 777 1921 in
795 1851 1129 1950 superiorehisto-
1211 1898 1215 1902 -

122 1969 419 2057 ria‚‚mem0rari
428 1967 600 2038 dolorem
620 1991 700 2036 nou
720 1967 844 2058 vides;
862 1973 1007 2042 tametsi
1023 1971 1130 2068 pleu-

126 2111 208 2163 ram
229 2087 268 2157 in
290 2083 361 2155 hac
386 2108 538 2181 quoque
558 2082 827 2162 inflammatam
853 2087 963 2184 legis:
978 2091 1078 2180 im0,
1100 2095 1132 2164 si

125 2228 211 2275 cum
231 2201 476 2300 pulmonibus
502 2199 692 2289 conferas,
717 2203 902 2297 ejusmodi
928 2203 1131 2278 inflamma·

123 2322 229 2392 tione
242 2318 431 2404 affectam,
449 2335 490 2390 ut
504 2319 554 2391 ob
572 2318 670 2390 hanc
684 2321 922 2417 potissimum
939 2322 1056 2396 homo
1073 2327 1130 2396 in·

30 2525 32 2529 ⁸
124 2427 269 2510 teriisse
283 2436 402 2507 rideri
421 2439 546 2536 possit.
567 2441 663 2508 Rara
679 2439 806 2509 autem
819 2456 975 2537 propter
989 2441 1062 2514 hoc
1073 2443 1129 2540 ip·
1197 2507 1200 2514 .

124 2542 360 2652 sum'usque
390 2554 483 2626 adeo
511 2554 724 2638 observatio
753 2555 830 2626 haec
864 2571 947 2644 ests
964 2574 1005 2629 ut
1030 2562 1130 2633 inter

123 2695 257 2744 omnes
270 2675 344 2744 sive
361 2698 479 2760 meaS,
500 2675 575 2744 sive
589 2677 690 2770 'quas
706 2673 875 2748 Valsalva
896 2679 1050 2774 scriptas
1071 2705 1128 2751 re-

123 2791 258 2888 liquit,
272 2793 305 2861 ei
316 2791 473 2862 similem
487 2816 566 2861 non
579 2792 815 2861 meminerim
833 2775 1043 2866 offendisse.
1056 2797 1128 2868 Sed

125 2925 163 2981 et
179 2907 415 3002 Nanniuslr)
433 2931 520 2977 oum
538 2907 723 3003 plurimos
740 2904 905 2979 thoracis
922 2910 1128 2984 inflamma-

122 3027 228 3098 tione
253 3023 421 3096 sublatos
450 3024 660 3110 incidisset,
689 3026 987 3121 praecipuamque
1003 3028 1128 3103 ¹laesio·

122 3167 213 3215 nem
233 3144 272 3212 in
291 3158 511 3224 caeterorum
535 3140 781 3239 pulmonibus
798 3141 1126 3239 deprehendisset3

120 3263 185 3333 vix
203 3285 322 3330 unum
342 3277 406 3331 aut
426 3260 585 3331 alterum
603 3259 771 3330 invenire
790 3261 934 3356 potuit,
961 3267 1126 3362 quorum

43 3375 51 3450 s
120 3379 257 3480 pleura
279 3378 457 3450 duntaxat
473 3376 766 3448 inflammatione
779 3374 909 3447 affecta
927 3393 1126 3469 esset';eos

119 3510 249 3569 autem
269 3495 425 3566 morbus
448 3494 729 3566 intrabiduum
748 3496 826 3564 sine
844 3511 955 3591 sputo
974 3503 1125 3596 sangui·

119 3613 181 3687 nis
200 3616 450 3696 interemerat.
471 3615 592 3702 Quam
612 3612 662 3682 ob
672 3613 727 3682 rei
740 3613 948 3700 raritatem,
967 3630 1004 3686 et
1023 3643 1123 3690 mor-

131 3795 1127 3822 mmm

160 3902 205 3979 (ι)
226 3903 295 3960 Vid
314 3906 478 3962 Comment-
500 3901 537 3960 de
564 3902 678 3960 Boron.
701 3901 750 3960 Sc.
771 3899 881 3972 head„
903 3911 976 3958 tom.
993 3921 1024 3976 1,
1046 3904 1125 3966 inter

115 4003 242 4063 medica.

194 4125 226 4173 a.
907 4099 953 4197 39
