2812 4660
271 449 343 522 380
436 475 482 522 nr
510 471 655 522 srnmus
680 473 724 519 rr
750 469 872 520 causis
899 469 1110 521 uouaouun

275 587 409 658 dextra
434 585 601 672 vidisset,
620 583 698 655 sed·
711 584 756 656 de
773 583 1069 656 ventriculorum
1094 586 1287 683 magnitu-

276 703 363 774 dine
389 703 481 772 nihil
507 701 714 799 sigillatim3
744 700 837 770 illud
865 699 1047 772 duntaxat
1076 697 1286 799 generatim

277 819 438 906 dictum,
456 843 521 889 cor
537 823 652 888 nimia
671 823 882 913 quantitate
903 825 1115 905 excessisse,
1149 833 1287 888 uttam

279 961 455 1030 magnum
467 933 659 1004 adstantes
673 959 813 1004 summe
829 933 1114 1005 adrnirarentur.
1140 936 1178 1004 Si
1197 959 1287 1005 vero

279 1078 358 1123 non
379 1051 493 1121 modo
509 1050 689 1136 aliorum,
713 1050 777 1122 sed
802 1064 838 1120 et
856 1053 912 1122 sui
930 1053 1047 1148 ipsius
1063 1053 1289 1150 respexisset

282 1169 580 1253 observationes;
604 1168 787 1238 continuo
822 1167 892 1238 sibi
920 1169 1026 1238 aliter
1047 1168 1290 1240 sentiendum

283 1284 620 1371 animadvertisset3
651 1285 722 1354 nisi
747 1282 842 1354 forte
869 1309 916 1356 ue
943 1285 1098 1356 alterum
1131 1287 1289 1382 quidem

285 1402 569 1476 celeberrimum
593 1403 713 1471 virum
736 1401 809 1472 hoc
832 1427 900 1500 per
928 1427 964 1474 se
987 1405 1177 1475 editurum
1202 1403 1289 1476 fuis·

287 1543 325 1592 se
345 1517 588 1606 arbitrentur,
617 1543 682 1588 cor
702 1518 874 1588 destrunt
896 1526 1033 1610 ruriuS,
1048 1523 1291 1618 frequentius

287 1661 379 1710 vero
399 1641 601 1724 sinistrum,
633 1661 680 1706 esc
706 1640 870 1706 Lancisii
889 1643 1148 1734 experimentis
1175 1663 1289 1708 aneu-

292 1780 419 1848 rysma
432 1761 526 1852 pati.
546 1754 615 1824 Sed
634 1779 703 1851 ego
724 1771 823 1826 certe
841 1781 905 1826 seu
926 1781 1043 1844 meas,
1061 1757 1137 1826 sive
1155 1757 1292 1826 alienas

289 1887 456 1970 spectem
473 1871 770 1958 observationes,
791 1872 898 1968 plura
916 1873 1113 1944 ventriculi
1130 1873 1291 1960 sinistri,

291 2015 404 2088 quam
424 1989 586 2076 dexteri,
605 1990 811 2077 invenisse,
828 2006 864 2060 et
876 1991 1008 2086 legisse
1021 2004 1293 2086 aueurysmata,

289 2107 420 2181 videor
442 2108 672 2193 meminisse;
694 2107 848 2177 sinistrae
869 2123 991 2178 autem
1015 2107 1193 2178 auriculae
1215 2131 1291 2178 non

292 2227 436 2297 multa:
459 2226 624 2322 itemque
649 2225 786 2295 sinistri
809 2227 1006 2296 ventriculi
1031 2239 1293 2320 aneurysmata

294 2366 378 2414 cum
400 2343 489 2413 vitio
500 2359 560 2414 aut
581 2343 757 2439 proximae
770 2357 897 2431 aortae,
918 2359 982 2414 aut
1002 2343 1112 2439 liujus
1129 2343 1292 2414 valvula-

292 2485 378 2531 rum
403 2458 511 2531 fuisse
531 2461 749 2555 conjuncta,
766 2460 907 2531 dexteri
926 2476 1049 2532 autem
1067 2475 1154 2532 'cum
1174 2463 1293 2561 impe·
1401 2553 1402 2566 ἵ

295 2577 464 2648 dimento
499 2575 575 2648 fere
610 2577 737 2673 aliquo
772 2578 901 2648 autad
928 2578 1197 2676 valvulasquae
1221 2579 1296 2676 ejus

297 2694 487 2764 emissario
502 2690 766 2790 praeficiuntur,
779 2695 895 2766 autad
908 2696 1098 2791 sanguinis
1116 2696 1219 2794 ipsas
1236 2720 1297 2793 per

296 2809 515 2908 pulmonem
528 2811 614 2896 vias,
628 2826 689 2882 aut
702 2811 865 2908 denique
876 2811 920 2882 ad
931 2812 1197 2883 immissarium
1209 2836 1296 2883 ven-

296 2927 421 2997 triculi
436 2928 574 2998 sinistri
585 2955 594 3016 ;
606 2931 635 2999 si
649 2927 816 3024 quaedam
832 2930 990 3025 excipias
1007 2931 1224 3025 inquorum
1236 2925 1295 2998 ob·
1362 2967 1368 2976 ·

235 3061 243 3070 '
298 3046 506 3117 servatione
528 3060 590 3116 aut
615 3044 693 3115 haec
721 3067 803 3142 qttae
828 3045 941 3116 modo
965 3044 1064 3115 dicta
1090 3059 1198 3132 suut,
1223 3067 1297 3115 non

287 3144 500 3262 perquisita
521 3187 598 3235 esse
624 3162 818 3251 videntur,
842 3179 910 3233 aut·
922 3161 1156 3262 haereditaria
1171 3162 1297 3234 laxitas

299 3267 535 3353 dexterarum
546 3261 917 3368 librarum,Lancisio
927 3281 1008 3378 ipso
1025 3295 1219 3378 praeeunte
1234 3279 1296 3376 (1),

301 3413 355 3470 est
370 3396 475 3468 facile
492 3397 738 3495 agnoscenda.
759 3401 844 3468 Non
866 3412 921 3468 est
941 3421 1030 3494 ergo
1052 3397 1223 3484 tenuior,
1243 3397 1296 3466 iu-

302 3513 427 3610 quies,
438 3529 474 3584 et
488 3513 592 3610 quod
607 3515 866 3610 consequitur,
883 3511 1069 3584 infirmior
1079 3513 1201 3610 paries
1212 3535 1298 3610 pro·
1321 3601 1324 3605 ι

302 3631 407 3729 prius
423 3632 622 3702 ventriculi
632 3623 795 3721 dexteri,
811 3656 932 3728 eoque
945 3628 1226 3702 dilatationibus
1239 3653 1301 3725 op·

343 4005 386 4082 (ι)
407 4007 451 4062 De
464 4009 575 4062 Aneur.
589 4008 713 4080 Propos.
730 4009 778 4076 47.
