2750 4658
304 445 377 534 284
470 469 516 518 nn
542 467 687 519 scurrus
712 468 756 516 nr
780 465 904 517 causis
929 465 1147 516 normann

308 580 391 654 fieri
412 581 518 654 aliter
532 581 689 672 scribat,
706 604 821 680 quam
837 582 876 652 in
893 581 963 653 hac
982 582 1128 680 virgine
1148 575 1305 665 fiebant;

312 725 439 796 neque
456 701 556 772 enim
575 700 665 771 huic
681 724 779 797 aqua
798 700 898 771 inter
913 700 1019 771 initia
1035 696 1200 770 erodens
1211 710 1305 782 erat,

312 830 355 887 ut
371 815 419 887 ad
436 831 644 889 extremum
657 814 745 903 fuit,
763 841 849 889 cum
866 817 1026 888 maxime
1041 813 1196 886 infirma
1206 813 1262 884 vis
1275 810 1308 880 li·

310 931 465 1010 brarum
482 933 607 1006 cordis
622 933 769 1007 vibrato
784 934 912 1033 pulsui
928 931 1126 1006 efficiendo
1147 955 1218 1030 par
1238 954 1306 1002 am·

312 1050 411 1150 plius
431 1075 510 1121 non
529 1066 624 1142 erat,
640 1067 677 1124 et
699 1053 799 1125 leves
817 1065 943 1123 tamen
959 1051 1029 1122 illae
1048 1050 1094 1121 ad
1115 1073 1184 1121 cor
1200 1048 1309 1119 adno-

312 1182 396 1240 tatae
405 1169 679 1259 convulsiones,
690 1169 875 1242 nonnulla
882 1155 973 1240 tunc
983 1189 1088 1240 secus
1095 1164 1190 1253 fieri,
1202 1190 1306 1264 quam

313 1287 592 1372 antea‚etiamsi
601 1289 707 1386 virgo
717 1281 1184 1385 quiesceret,indicabant.
1195 1286 1306 1374 Quam

315 1418 440 1474 autem
461 1428 483 1474 a
509 1418 614 1475 motu
632 1402 808 1476 accidere
826 1416 1012 1475 memorat
1035 1399 1209 1500 spirandi·
1227 1396 1308 1471 diffi-

317 1521 513 1610 cultatem,
528 1527 601 1594 sive
609 1528 758 1620 potius,
773 1537 816 1594 ut
834 1522 941 1611 dicit,
955 1545 1119 1619 apneam
1135 1543 1229 1590 mox
1242 1542 1309 1588 eva·

316 1655 548 1729 nescentem,
566 1640 628 1710 vix
651 1635 802 1711 differre
830 1638 980 1728 credes,
1010 1637 1057 1708 ab
1076 1637 1121 1709 iis
1141 1635 1308 1708 brevibus

302 1758 432 1827 animi
449 1759 556 1855 quasi
572 1753 868 1845 defectionibus,
897 1779 991 1852 quas
1014 1779 1101 1826 curn
1115 1756 1157 1824 in
1176 1753 1307 1850 virgine

318 1889 419 1946 certe
443 1872 692 1962 observasset,
715 1874 755 1944 in
779 1874 1057 1946 commentariis
1079 1871 1221 1944 diserte
1243 1893 1307 1939 non

318 1992 504 2090 exprimit.
523 1994 661 2062 Caetera
679 2014 762 2088 quae
780 1992 821 2062 in
837 1991 896 2062 his
913 1989 1047 2078 habet,
1066 1986 1146 2061 fere
1161 2013 1241 2060 non
1254 1987 1311 2058 dis·

319 2125 492 2208 crepant,
509 2123 573 2180 aut
589 2131 660 2205 pro
674 2109 775 2179 varia
790 2109 970 2180 duntaxat
983 2129 1087 2204 aquae
1103 2107 1184 2178 sive
1200 2105 1309 2205 copia,
1363 2139 1364 2206 q

321 2250 388 2298 seu
398 2227 575 2323 qualitate
587 2225 812 2324 discrepant.
826 2229 912 2324 Ipsa
927 2239 1052 2296 autem
1066 2224 1247 2320 qualitas,
1257 2219 1308 2292 etsi

318 2367 445 2429 mora,
463 2357 504 2414 ut
521 2341 703 2431 diximus,
724 2343 862 2414 mutari
878 2356 1002 2440 potest
1020 2364 1063 2412 ea
1078 2342 1308 2436 rationeque

320 2484 341 2529 a
360 2449 515 2530 Grietz'io
534 2459 588 2556 (1)
607 2461 772 2558 exposita
791 2474 861 2547 est3
886 2459 946 2530 vel
965 2457 1073 2529 initio
1095 2473 1227 2529 tamen
1245 2477 1309 2527 esse

320 2575 428 2646 valde
445 2575 492 2647 ab
510 2601 629 2673 aquea
648 2578 794 2649 diversa
812 2591 952 2676 potest,
973 2582 1060 2648 cum
1072 2574 1250 2647 videlicet
1265 2596 1310 2644 se·

321 2718 406 2764 rum
425 2689 615 2792 sanguinis
627 2694 734 2766 valde
748 2695 871 2792 ipsum
883 2717 1037 2792 quoque
1050 2692 1247 2766 diversum
1258 2703 1310 2761 est.
1363 2729 1364 2742 κ

322 2811 430 2882 Haud
456 2838 540 2883 raro
558 2814 658 2884 enim
678 2808 751 2884 hoc
769 2811 931 2884 vidimus
948 2837 967 2884 e
988 2810 1176 2883 morbidis
1193 2831 1311 2906 corpo·

323 2929 431 3002 ribus
446 2946 509 3001 aut
528 2929 665 3002 flavum
683 2932 818 3019 emitti,
836 2944 902 3002 aut
919 2929 966 3001 ad
980 2928 1120 3019 viride,
1140 2929 1190 3001 ad
1216 2949 1311 2998 caeru-

325 3047 446 3135 leum,
461 3048 505 3118 ad
520 3047 687 3119 albidum
705 3073 886 3146 vergens,
903 3072 983 3118 non
1002 3070 1108 3119 secus
1130 3071 1174 3117 ac
1191 3046 1312 3116 humor
1329 3123 1331 3130 y

323 3190 489 3264 persepe
500 3180 565 3251 est,
581 3191 695 3262 quem
710 3159 868 3238 effusum
881 3167 920 3236 in
936 3164 1060 3263 hujus,
1075 3180 1142 3236 aut
1152 3164 1251 3235 illius
1262 3161 1314 3256 hy·

325 3281 489 3384 dropici,
504 3297 694 3370 ventrem,
711 3297 775 3354 aut
795 3283 1008 3371 thoracem,
1035 3294 1099 3353 aut
1121 3282 1246 3381 ipsum
1263 3277 1313 3348 de·

326 3399 442 3492 nique
463 3398 715 3494 pericardium
731 3401 1002 3498 conspicimus,
1016 3398 1117 3471 unde
1128 3421 1259 3498 capere
1267 3417 1312 3465 ar·

326 3529 547 3612 gumentum
559 3532 711 3612 possent
721 3519 787 3613 qui
797 3517 995 3614 pericardii
1003 3541 1158 3616 aquam,
1172 3541 1248 3587 non
1259 3533 1314 3612 per

328 3629 541 3729 glandulas,
564 3632 629 3703 sed
653 3657 722 3730 per
738 3634 837 3731 ipsas
852 3636 1088 3708 tenuissimas
1106 3635 1257 3707 arterias
1271 3625 1313 3700 af·

330 3844 1313 3872 mnan—w

284 4011 286 4015 ·
369 3989 413 4068 (1)
434 3992 519 4068 Disp.
535 3990 586 4050 cit.
603 4011 693 4068 supra
707 3994 789 4053 adn.
805 4000 892 4070 aa,§
923 4015 955 4072 9.
