2832 4662
321 393 394 466 608
492 416 539 464 nr
565 414 719 466 scurrus*
734 417 779 467 rr
804 415 928 468 causis
954 415 1158 473 uornonuu

322 549 402 631 tum
411 533 519 628 jecur
531 535 617 602 satis
631 523 812 630 descripsi
822 531 978 631 epistola
989 539 1294 639 anatomicalll(r),

321 650 476 722 accessit
491 649 656 746 denique
678 649 789 720 dolor
807 675 981 750 pungens
995 654 1035 725 in
1052 656 1137 728 laeva
1157 655 1292 730 thoracis

320 782 447 867 parte,
474 782 511 837 et
533 764 732 838 difficultas
745 769 783 836 in
802 767 899 839 hanc
917 769 1096 861 cubandi,
1117 799 1195 845 cum
1209 773 1293 848 facile

319 902 448 986 posset
473 887 512 956 in
537 885 710 973 alteram,
738 887 846 958 tussis
874 911 1047 986 quoque,
1076 907 1113 963 et
1139 894 1243 990 sputi,
1264 894 1294 964 in

320 1003 534 1103 principio,
561 1001 808 1098 aliquantum.
834 1005 953 1100 Sputo
982 1030 1198 1106 suppresse,
1220 1010 1295 1080 circa

319 1122 508 1193 decimum
524 1118 570 1190 ab
585 1118 685 1190 illius
697 1119 840 1191 doloris
860 1122 968 1195 initio
988 1121 1113 1215 diem,
1133 1125 1294 1198 excessite

319 1240 404 1309 vita.
431 1236 622 1308 Pulmonis
647 1237 785 1306 sinistri
805 1260 891 1334 pars
914 1241 1087 1336 superior
1106 1255 1180 1313 tota
1195 1243 1231 1312 in
1250 1257 1294 1312 tu·

318 1380 464 1462 morem
499 1353 751 1436 obduruerat,
781 1355 971 1452 proximas
1003 1359 1173 1457 undique
1197 1373 1295 1458 partes

319 1473 653 1572 comprimentem,
669 1471 937 1570 nonnullisque
957 1476 995 1544 in
1009 1475 1103 1548 locis
1113 1502 1179 1576 per
1195 1476 1295 1549 tenuia

319 1589 510 1663 filamenta
532 1615 570 1662 se
594 1590 734 1689 pleurae
760 1606 1024 1666 annectentem
1045 1620 1053 1662 :
1076 1620 1157 1692 quac
1184 1595 1295 1692 etipsa

317 1710 544 1782 inflammata
580 1723 669 1779 erat.
703 1711 842 1780 Dexter
869 1723 993 1781 autem
1029 1712 1177 1808 pulmo,
1201 1709 1295 1783 valide

317 1828 487 1926 alioquin
505 1850 590 1898 cum
606 1827 739 1925 pleura
754 1851 892 1916 nexus,
912 1842 954 1899 ut
969 1828 1028 1898 vix
1043 1845 1167 1926 posset
1182 1831 1249 1902 sinc
1259 1828 1295 1899 la·

317 1947 506 2018 ceratione
524 1945 708 2043 separari,
738 1944 915 2017 inventus
933 1960 988 2016 est
1002 1969 1126 2020 sanus.
1156 1951 1196 2018 ln
1218 1945 1293 2044 peri·

317 2063 445 2135 cardiu
465 2062 665 2136 mediocris
686 2086 790 2160 aquae
807 2064 926 2161 copia.
945 2067 987 2133 In
1011 2065 1138 2136 cordis
1153 2063 1293 2136 thalamis

293 2273 295 2277 ι
316 2180 506 2280 polyposae
522 2181 803 2268 concretiones,
817 2181 857 2251 in
875 2181 1025 2254 sinistro
1039 2183 1188 2282 exigua,
1202 2179 1240 2252 ad
1251 2201 1293 2251 ar·

316 2302 448 2372 teriam
469 2323 642 2398 magnam
661 2313 855 2396 porrecta,
871 2300 911 2369 in
930 2296 1062 2374 dextro
1080 2301 1213 2397 major,
1227 2319 1293 2397 per·

317 2417 440 2490 tineus
461 2417 508 2489 ad
529 2440 663 2489 venam
685 2440 831 2506 cavam,
854 2415 959 2489 etad
981 2419 1156 2490 arteriam
1175 2416 1293 2516 pulmo·

312 2557 481 2606 narem·
702 2521 705 2526 ¹
1050 2546 1058 2556 ”
1379 2529 1380 2532 “

365 2650 421 2722 56.
450 2652 518 2723 Vir
544 2674 733 2732 annorum
759 2652 909 2723 circiter
938 2652 1226 2752 quinquaginta,
1243 2648 1291 2747 qui

316 2767 455 2840 multos
465 2769 543 2864 jam
556 2792 677 2839 annos
687 2767 791 2866 lepra
804 2767 936 2840 dextro
956 2770 995 2838 in
1012 2767 1156 2843 feruore
1173 2769 1292 2843 labora·

312 2901 435 2975 verat,
451 2886 586 2984 angina
606 2885 868 2984 prehenditur.
885 2890 968 2958 Haec
986 2910 1073 2958 curn
1096 2889 1143 2962 ad
1158 2887 1291 2962 biduum

312 3004 570 3102 perdurasset,
590 3004 699 3076 desiit
723 3005 763 3074 in
786 3003 959 3076 dolorem
976 3007 1177 3102 quemdam
1196 3000 1289 3075 dorsi:

313 3123 375 3194 cui
394 3123 637 3221 postmodum
653 3116 807 3193 accessit
824 3126 919 3193 sicca
933 3124 1059 3212 tussis,
1078 3127 1209 3224 iugens
1222 3118 1290 3204 sitis,

313 3239 512 3330 decubitus
531 3241 570 3310 in
592 3240 785 3311 sinistrum
812 3240 927 3327 latus,
949 3265 1035 3312 curn
1060 3244 1101 3313 in
1121 3243 1289 3314 dexterum

311 3354 401 3427 ferri
423 3382 502 3428 non
529 3370 679 3456 posset,
702 3358 792 3428 item
820 3356 931 3429 dolor
956 3359 1112 3456 quidam
1138 3375 1290 3460 gravans,

311 3476 385 3572 qui·
403 3501 505 3546 zonae
523 3476 640 3548 instar
663 3476 702 3544 in
726 3475 804 3546 imo
832 3473 1006 3548 thoracis
1023 3475 1287 3575 percipiebatur.

310 3593 386 3664 Etsi
402 3589 517 3666 febris
533 3593 675 3665 ultimis
685 3589 819 3666 diebus
833 3592 1033 3666 videbatur
1052 3595 1169 3684 mitis,
1186 3607 1287 3685 neque

277 3827 281 3838 f
311 3802 1279 3834 -ι--ω--α-υ--ι--ι--μ-*Ι*

347 3966 391 4045 (1)
411 3970 449 4025 N·
462 3987 491 4043 9·
