2820 4662
162 461 230 511 sn.
257 459 298 510 11.
326 461 372 510 ns
398 453 889 523 nonrisrnonncis,ar1sr.
916 461 989 510 xm.
1017 443 1087 539 &77

73 576 149 648 ,nis
161 577 361 674 polyposae.
383 574 555 672 Denique
575 586 703 644 tumor
726 574 793 672 qui
813 589 938 672 partes
959 601 1092 652 omnes

92 692 300 793 occupabat
320 691 429 777 colli,
450 705 486 761 et
499 691 630 786 capitis
651 691 874 781 exteriores,
898 707 1091 792 stagnante

90 807 322 897 fiebatscr0,
348 807 454 905 quod
480 808 606 877 colore
632 821 670 879 et
692 810 933 883 concretione
956 812 1089 907 gelati-

90 951 179 998 nam
191 925 386 999 referebat.
402 929 507 1014 Haec,
522 949 606 1022 quae
620 925 820 1010 novissime
839 927 1008 1001 Valsalva
1020 929 1090 1001 ob-

90 1059 317 1128 servaverat,
335 1067 421 1113 cum
435 1065 505 1139 per
518 1040 660 1112 litteras
674 1041 880 1140 Malpighio
893 1043 1093 1143 significas·

89 1174 165 1249 set,
188 1160 321 1258 gratias
337 1158 399 1230 hic
414 1159 488 1256 egit
500 1157 670 1255 epistola,
684 1159 799 1255 paulo
807 1168 1007 1258 postquam
1019 1165 1089 1234 Ro·

89 1299 192 1347 mam
211 1289 378 1362 venerat,
391 1274 476 1346 data
491 1274 610 1372 pridie
626 1274 712 1346 idus
732 1276 970 1367 decembres,
985 1303 1087 1352 anno

92 1393 198 1489 16913
215 1393 401 1489 simulque
415 1391 462 1462 ad
476 1391 773 1488 experimentum
789 1415 932 1482 rursus,
946 1417 1017 1466 nec
1033 1420 1086 1468 se·

88 1509 181 1598 mel,
191 1508 402 1580 iterandum
413 1506 584 1578 hortatus
597 1521 669 1595 est,
683 1506 836 1578 videndi
848 1532 977 1599 causa,
992 1537 1087 1584 num

88 1649 238 1723 semper
251 1624 313 1694 illa
328 1595 434 1721 quasi
445 1621 611 1718 gelatina
628 1638 861 1712 occurreret,
879 1640 1087 1724 caeteraque

86 1740 134 1812 ad
149 1741 325 1814 eumdem
339 1739 495 1810 modum
509 1736 791 1836 responderent.
928 1787 963 1834 ,.

138 1859 196 1930 26.
215 1864 345 1955 Itaque
360 1856 466 1930 alteri
476 1856 559 1928 cani
573 1853 720 1927 easdem
734 1855 894 1927 vinculis
908 1859 1087 1929 constrin-

85 1976 142 2048 xit
156 1975 308 2049 arterias
323 2001 331 2044 :
348 1971 594 2068 eamdemque
610 1970 741 2069 primis
760 1972 893 2044 diebus
914 1973 1007 2046 vidit
1026 1999 1086 2047 ca-

86 2081 177 2190 pitis
192 2091 470 2178 demissionem,
486 2088 657 2186 quod,ut
666 2087 806 2190 collum
819 2114 986 2188 quoque,
995 2117 1086 2164 non·
1173 2193 1175 2198 Ι

84 2207 185 2279 nihil
207 2208 456 2295 intumuerat,
481 2206 726 2302 eamdemque
740 2206 779 2276 in
797 2205 883 2278 cibo
902 2208 1085 2306 capiendo

84 2322 319 2412 aviditatem,
338 2324 378 2394 in
403 2322 644 2422 deglutiendo
675 2339 797 2394 autem
826 2321 1086 2398 difficultatem

86 2439 372 2514 animadvertit:
390 2456 568 2538 praeterea
581 2436 813 2515 manifestam
826 2441 1084 2516 musculorum

86 2555 328 2629 debilitatem.
343 2557 416 2630 Sed
432 2555 625 2630 accidebat
638 2581 734 2656 saepe
749 2561 950 2657 utsanguis
966 2587 987 2634 e
1003 2562 1083 2634 vul-

84 2697 178 2745 nere
194 2689 378 2762 maneret3
390 2662 495 2772 quod
513 2699 599 2746 oum
611 2670 737 2762 fieret,
755 2677 856 2748 canis
873 2701 919 2749 eo
931 2673 992 2749 die
1013 2703 1085 2752 res·

85 2790 226 2888 puebat
235 2794 392 2863 omnino
400 2791 547 2878 cibum,
562 2816 677 2889 quem
687 2791 1083 2893 postridie,conquies·

85 2924 194 2982 cente
211 2909 414 3007 sanguine,
438 2909 607 3004 vegetior
624 2905 759 2995 factus,
783 2909 993 2982 avidissime
1014 2937 1081 3010 ap-

84 3025 245 3122 petebat.
270 3031 339 3098 Per
365 3023 445 3095 haec
471 3025 607 3096 exactis
627 3022 769 3121 diebus·
782 3024 973 3121 pluribus,
996 3052 1082 3099 cum

86 3147 235 3240 sanguis
249 3143 406 3214 omnino
420 3139 571 3214 effluere
585 3139 800 3228 destitisset,
816 3157 853 3213 et
866 3144 968 3215 canis
977 3129 1082 3242 aeque

84 3259 361 3358 propemodum
378 3260 454 3354 jam
469 3258 627 3344 valeret,
651 3280 694 3327 ac
710 3271 911 3354 antequam
939 3262 1082 3332 arteriae

86 3375 366 3473 obligarentur,
393 3375 573 3472 vigesimo
592 3373 759 3446 secundo
787 3399 831 3444 ex
856 3399 933 3473 quo
948 3377 987 3448 id
1005 3377 1081 3450 fac·

85 3505 167 3564 turn
180 3491 319 3581 luerat,
333 3507 508 3590 superato
518 3491 596 3580 die,
610 3505 764 3564 necatus
780 3515 801 3562 a
815 3493 994 3584 Valsalva,
1007 3521 1082 3570 sec·

85 3620 221 3706 tusque
233 3624 298 3682 est.
315 3608 531 3704 Carotidum
550 3607 666 3680 altera
686 3604 783 3678 infra
805 3609 984 3704 injectum
999 3615 1080 3685 vin·

85 3725 212 3796 culum
224 3726 344 3797 levem
352 3749 459 3824 passa
467 3725 751 3815 lacerationem,
766 3729 986 3825 sanguinem
996 3730 1080 3804 illac

86 3863 179 3940 saepe
195 3839 362 3932 fuderat,
378 3841 498 3915 donec
518 3842 645 3940 paucis
666 3856 751 3913 ante
770 3859 930 3914 mortem
947 3845 1080 3918 diebus

88 3959 139 4031 sic
156 3961 243 4032 satis
261 3961 441 4058 glutinata
453 3973 518 4033 est.
532 3958 605 4032 Sed
617 3982 692 4058 qua
707 3959 859 4030 vinculo
875 3962 1081 4034 constrictae
