2812 4660
233 407 240 414 '⁴
258 407 330 482 360
426 428 473 474 111
499 426 644 474 sautans
669 429 714 474 ar
739 427 863 476 caus1s
888 428 1098 502 proauorum

260 567 301 616 ea
318 569 358 614 re
374 541 638 638 disputaverit,
654 540 862 638 meliusque
875 542 946 615 hac
963 545 1003 614 in
1013 560 1119 642 parte
1132 545 1179 618 de
1191 571 1262 618 me·

260 661 342 732 dica
349 659 534 730 Facultate
548 658 593 729 sit
606 661 778 745 meritns3
794 660 846 730 sic
859 685 1070 760 perpaucos
1078 663 1262 760 quosdam

259 779 420 877 polypos
441 803 486 848 ex
499 791 605 846 tanto
624 801 783 847 numero
802 777 1027 852 crediderim
1045 805 1155 877 posse
1171 781 1263 852 exci-

148 927 150 930 ·
260 899 323 994 pi,
340 896 600 994 imprimisque
612 918 676 964 eos
694 895 760 990 qui
777 894 842 965 ubi
858 894 921 966 diu
938 913 1001 970 aut
1015 896 1186 969 sublatus
1203 912 1265 968 aut

260 1015 467 1113 plurimum
485 1011 688 1107 impeditus
706 1009 818 1083 fuerit
837 1015 1030 1110 sanguinis
1044 1031 1192 1102 motus,
1209 1015 1263 1084 in·

259 1131 474 1203 veniuntur.
502 1131 595 1198 Nam
624 1127 728 1225 quod
752 1127 799 1200 ah
820 1132 994 1202 Lancisio
1021 1133 1060 1200 in
1085 1131 1264 1219 canibus,

261 1247 362 1318 idem
380 1247 426 1316 ah
445 1246 524 1316 aliis
538 1247 576 1315 in
593 1245 811 1318 hominibus
822 1264 1057 1344 compertum
1072 1264 1146 1335 est,
1164 1248 1266 1320 velut

250 1365 311 1436 'ah
338 1363 658 1460 experientissimo
682 1364 861 1460 chirurgo
878 1367 996 1436 Petito
1022 1366 1112 1462 (1),
1139 1366 1265 1462 quiin

262 1483 520 1552 mutilatorum
546 1481 681 1550 arteria
705 1482 885 1578 polypum
904 1478 1164 1571 describit‚'ac
1182 1484 1266 1580 pin-

245 1601 336 1698 -git,
357 1624 467 1697 supra
487 1599 682 1696 ligaturam
706 1596 965 1685 efformatum,
982 1599 1161 1696 huncque
1185 1625 1267 1697 per-

264 1717 402 1794 fectum
424 1715 502 1788 fere
524 1717 686 1816 inveniri
701 1717 812 1802 dicit,
831 1742 910 1788 non
931 1717 1046 1788 modo
1065 1733 1152 1814 post
1166 1719 1269 1815 vige-

245 1837 416 1924 simam,
445 1850 508 1905 aut
532 1835 782 1931 trigesimam,
807 1834 872 1906 sed
898 1850 934 1906 et
957 1850 1041 1932 post
1063 1835 1270 1906 secundam

264 1954 312 2025 ab
336 1954 592 2050 amputatione
611 1951 721 2023 diem.
747 1958 793 2023 At
813 1954 843 2024 si
867 1968 991 2025 motus
1012 1954 1208 2049 sanguinis
1227 1954 1271 2023 sit

247 2096 363 2159 -non,
381 2087 421 2152 ut
440 2069 511 2157 ihi,
535 2071 691 2140 omnino
712 2071 943 2167 prohibitus,
970 2069 1034 2142 sed
1057 2069 1166 2141 valde
1187 2086 1270 2141 tan-

249 2187 464 2260 tummodo
481 2187 710 2274 retardatus,
726 2203 769 2258 ut
781 2189 820 2258 in
833 2213 972 2285 magno
986 2202 1271 2284 aneurysmate;

265 2332 334 2404 per
349 2306 443 2377 mihi
461 2303 612 2376 difficile
629 2308 669 2375 in
688 2306 814 2377 multis
827 2305 993 2393 videtur,
1007 2304 1102 2376 nihil
1117 2305 1271 2376 tandem
1316 2345 1321 2352 ·

252 2426 382 2522 ‚longo
398 2424 527 2495 saltem
547 2425 665 2521 spatio
683 2425 863 2521 temporis
891 2422 1043 2510 cedere,
1063 2423 1159 2494 nihil
1180 2449 1272 2495 con-

268 2565 457 2625 crescere,
472 2556 509 2611 et
521 2539 712 2611 adhaerere
725 2567 745 2612 e
763 2543 944 2638 sanguine
954 2556 1019 2614 aut
1033 2540 1173 2612 lentius
1188 2540 1273 2612 illac

252 2657 554 2759 progrediente,
586 2657 809 2746 autetiam,
846 2657 889 2730 ut
917 2659 956 2728 in
989 2655 1272 2730 sacciformibus

255 2774 617 2871 aneurysmatibus,
644 2775 922 2874 propemodum
943 2775 1180 2848 subsistente.
1203 2780 1274 2847 Per

268 2893 370 2963 idem
385 2899 485 2962 enim
499 2893 596 2962 sacci
616 2891 824 2980 orificium,
841 2917 909 2991 per
924 2893 1028 2990 quod
1045 2891 1273 2992 facileillap·

270 3036 332 3084 sus
356 3011 616 3108 impulsusque
633 3027 708 3099 est,
732 3037 811 3082 11011
831 3023 952 3109 potest
970 3008 1076 3082 facile
1098 3025 1201 3084 totus
1217 3035 1273 3081 re·
1311 3003 1312 3008 ’

215 3171 216 3176 =
270 3128 371 3200 dire:
386 3154 467 3225 quae
484 3128 608 3199 resab
623 3129 761 3199 Littrio
775 3128 829 3225 (a)
846 3129 944 3200 inter
958 3152 1086 3200 causas
1105 3130 1272 3226 ponitur,

255 3259 418 3318 motum
443 3247 635 3342 sanguinis
659 3246 917 3334 retardantes;
942 3246 1022 3343 ipse
1050 3270 1141 3316 vero
1171 3245 1272 3318 haud

271 3365 349 3434 scio
374 3387 421 3432 an
441 3387 520 3432 uon
536 3364 704 3436 omnium
722 3364 910 3460 praecipua
926 3363 982 3433 sit.
1000 3361 1123 3451 Quid,
1141 3363 1269 3434 sicum

270 3479 361 3565 hac,
380 3494 515 3576 praeter
538 3493 685 3550 caeteras
706 3479 787 3551 illas
805 3481 995 3552 universas
1013 3503 1161 3567 causas,
1187 3480 1268 3576 aegri

258 3611 335 3670 ,aut
351 3617 566 3692 syncopem,
580 3610 644 3666 aut
656 3592 940 3668 suffocationem
951 3597 1127 3684 timentis,
1138 3620 1268 3694 perpe·

310 3880 356 3957 (1)
376 3881 465 3936 Mem.
483 3878 520 3935 de
533 3878 646 3935 l'Acad.
658 3882 695 3937 R.
708 3880 759 3938 d'es
775 3880 837 3953 So,
853 3898 899 3937 an.
918 3880 1006 3952 1731.

310 3980 353 4056 (1)
374 3983 462 4038 Me'm.
475 3999 522 4036 au.
539 3997 624 4051 1707.
