2842 4672
229 451 299 502 ma»
325 453 351 500 1.
379 453 426 502 DE
452 451 588 501 Moners
612 452 772 521 camus,
798 457 1018 508 susm-nn.
1084 461 1125 538 17

119 567 372 670 Sepulchreto
393 585 716 658 commemoratae,
740 585 777 642 et
798 572 955 646 medicis
973 600 1128 674 quoque

119 685 450 774 observationibus
461 687 719 785 comprobatae
736 687 812 786 (ι),
828 691 945 763 nimia
964 696 1074 790 copia
1090 709 1129 766 et

121 808 312 906 turgentia
326 806 535 904 sanguinis,
549 807 701 877 arterias
715 808 1128 884 arc-venastumefacien-

123 927 169 998 tis
186 949 271 1022 quae
281 925 383 996 intus
393 938 542 996 extrave
549 925 783 996 comitantur
795 926 1053 998 mollissimam
1064 955 1127 1002 eo·

122 1068 208 1115 rum
239 1066 445 1114 nervorum
474 1040 731 1115 substantiam.
766 1046 849 1134 Qua
880 1046 1127 1143 explicatione

119 1177 224 1235 recte
245 1161 366 1232 utitur
384 1159 633 1233 Boerhaavius
650 1161 705 1259 (a)
726 1161 773 1233 ad
791 1163 886 1234 Aetii
900 1168 1128 1239 amaurosim

124 1277 409 1378 exponendam,
426 1283 558 1378 quaein
568 1281 705 1352 morbis
716 1282 1126 1378 capia'sfhrvidissimis,

34 1381 35 1386 ἵ
122 1413 158 1470 et
168 1412 261 1497 post
268 1395 525 1495 phrenitidcm
540 1403 724 1494 seqnitur,
745 1423 815 1469 nec
831 1399 927 1470 male
945 1415 1127 1493 uteretur,

106 1531 162 1588 ·ut
175 1516 325 1614 opinor,
333 1514 402 1611 qui
411 1514 463 1586 sic
474 1513 674 1612 explicaret
681 1515 756 1604 illa,
764 1539 846 1613 quae
854 1515 1061 1591 Rolfincius
1070 1520 1126 1617 (3)

122 1647 319 1721 memora-t,
333 1630 502 1729 exempla
508 1633 765 1724 feminarum,
782 1659 867 1733 qaae
877 1643 1019 1734 quoties
1033 1661 1125 1733 gra-

124 1754 232 1839 ridoe,
252 1753 454 1823 obcaecatae
468 1771 613 1848 seraper
613 1753 778 1843 fuerant
795 1777 911 1851 usque
929 1745 1127 1854 adportas

117 1887 282 1971 tempus,
296 1868 413 1940 aliave
435 1893 520 1940 cum
539 1868 615 1940 Cel.
634 1871 803 1942 Heistero
817 1870 871 1966 (Δ)
888 1872 936 1943 ad
950 1871 1049 1942 idem
1066 1900 1126 1971 ge-

119 2013 191 2062 nus
210 1984 419 2060 referenda.
440 1990 522 2055 Huc
536 1983 641 2055 addit
659 1983 1127 2094 Wepferus(5)bamorem

117 2135 162 2181 cx
171 2109 235 2196 iis,
246 2130 330 2203 quae
346 2103 463 2174 modo
479 2103 980 2193 commemoravimus‚vasis
994 2085 1123 2174 exstilss

119 2226 276 2311 lancem,
299 2237 420 2319 gattoe
445 2243 586 2291 serente
613 2244 766 2291 causam
797 2219 1019 2319 aliquando.
1052 2223 1125 2294 Sed

116 2339 411 2440 compressionis
421 2339 635 2437 opticorum
645 2361 849 2409 nervorum
861 2363 906 2408 ex
919 2363 994 2436 qua
1004 2363 1128 2412 amau·

117 2460 210 2532 rosis
223 2458 388 2544 oriatur,
403 2455 697 2528 luculentissima
706 2456 805 2526 intra
817 2457 987 2526 cranium
998 2457 1124 2554 ipsum

119 2576 281 2678 proferri
293 2574 463 2673 exempla
476 2572 646 2670 quaedam
655 2557 852 2646 videbis'in
863 2574 1123 2671 Sepulchreto,

117 2713 158 2768 ut
171 2721 260 2768 cum
271 2693 326 2791 (6)
344 2716 480 2790 magna
496 2706 533 2762 et
553 2691 673 2789 gravis
690 2692 798 2788 quasi
808 2703 952 2762 struma
965 2692 1004 2761 in
1015 2709 1123 2790 parte

116 2812 266 2888 cerebri
278 2812 488 2898 anteriore,
505 2833 710 2881 nervorum
725 2833 856 2880 corum
874 2815 1040 2897 exortui,
1051 2810 1122 2905 (illi

118 2932 292 3004 videlicet
317 2928 580 3017 manifestiori,
602 2943 639 2999 et
658 2927 758 3000 ultro
782 2930 822 2999 in
846 2927 977 3000 oculos
1001 2932 1122 2998 incar-

118 3052 239 3144 renti)
253 3047 511 3134 incumbebat,
530 3041 699 3118 aut'cum
723 3045 778 3144 (7)
801 3047 958 3144 insignis
978 3047 1121 3136 vesica,

217 3415 357 3493 Append.
372 3415 411 3472 ad
424 3415 498 3471 Obs.
515 3433 531 3470 a
545 3413 636 3488 hujus
648 3423 719 3471 sect.

217 3517 351 3573 Praelect.
364 3513 460 3572 Instit.
477 3519 492 3585 ς
507 3511 575 3570 516.

217 3616 304 3692 Disp.
318 3615 357 3672 de
368 3618 460 3671 Gutta
478 3605 603 3685 Setina,
617 3633 643 3672 c.
660 3611 688 3670 5.

216 3717 295 3773 Dias.
309 3717 346 3773 dc
357 3720 479 3774 Amaur.
497 3734 528 3770 n.
547 3732 593 3771 ra.

219 3819 255 3873 In
265 3816 417 3874 Additum.
433 3815 472 3872 ad
485 3816 563 3872 hanc
578 3813 629 3886 16,
648 3822 718 3870 sect.
734 3809 797 3869 obs.
811 3810 839 3868 3.

218 3915 325 3990 Ejusd.
338 3926 409 3975 sect.
424 3915 490 3974 obs.
506 3934 532 3972 1.
