2766 4670
325 401 393 475 188
479 425 526 472 nr
552 419 697 472 snmus
721 419 766 470 ur
790 417 914 470 cauus
938 419 1163 478 nonronuu

323 541 396 638 pit,
410 552 452 610 ut
463 535 689 636 exspirando
702 535 791 608 inde
804 536 937 624 averti,
950 532 1127 633 forasque
1147 535 1234 632 ejici
1251 561 1322 607 non

323 656 507 753 potuerit,
532 678 610 724 non
636 677 743 724 secus
770 675 813 722 ac
839 651 886 724 de
907 654 1114 750 improviso
1132 651 1320 740 accidisse,
1362 660 1363 702 ¹

322 771 415 844 vidit
434 771 655 842 Mentzelius
681 769 735 865 (1)
756 795 776 840 a
798 793 911 867 parva
933 771 1166 841 crassissimae
1186 771 1321 867 pituita

323 887 516 985 portione,
543 887 640 956 inter
659 885 753 958 duos
778 887 920 983 primos
939 887 1081 957 arteriae
1094 909 1247 984 :asperae
1265 910 1319 954 an·
1362 966 1363 997 ,

324 1005 436 1102 nulos
455 1001 610 1076 fortuito
634 1003 880 1088 subsistente,
902 1020 938 1075 et
955 1003 1054 1073 hanc
1071 1027 1250 1101 prorsus,
1265 1001 1319 1072 fir·
1362 1019 1363 1096 j

322 1123 563 1218 missimeque
581 1121 802 1193 occludente
818 1122 859 1191 in
877 1145 963 1192 sana
975 1121 1160 1217 alioquin,
1178 1136 1317 1219 vegeta·
1362 1154 1363 1189 t

325 1265 399 1337 que
413 1239 549 1336 puella.
569 1245 649 1310 Jam
669 1263 760 1310 vero
783 1240 822 1309 in
845 1241 1035 1336 proposita
1053 1239 1218 1336 virgine,
1244 1263 1317 1335 que
1362 1204 1363 1289 i

324 1381 396 1428 nec
416 1349 545 1454 vegeta
570 1372 649 1427 erat
674 1381 744 1428 nec
768 1379 876 1442 sana,
902 1356 1103 1453 purulenta
1132 1371 1267 1453 sputa,
1289 1371 1318 1425 et

324 1475 455 1560 tussis,
477 1491 513 1545 et
530 1499 660 1575 sensus
676 1476 716 1544 in
731 1474 884 1570 larynge
903 1474 1100 1558 erosionis‚
1122 1499 1226 1572 quae,
1245 1475 1317 1570 opi·
1362 1485 1363 1577 j

325 1615 418 1679 nor,
438 1617 516 1662 non
538 1589 749 1680 defuerant,
771 1606 807 1663 et
831 1589 1028 1662 difficultas
1046 1592 1317 1688 respirationis,
1362 1588 1363 1667 f

326 1732 368 1779 ac
388 1708 492 1778 vocis
510 1709 740 1792 imminutio,
763 1731 849 1804 quae
870 1723 970 1779 certe
994 1706 1159 1794 fuerant,
1179 1707 1318 1804 pulmo·
1362 1729 1363 1777 t

325 1827 740 1898 numexulcerationern
750 1825 1126 1897 mentiebanturznec
1137 1827 1211 1897 nisi
1223 1849 1316 1896 accu·
1362 1782 1363 1855 j

325 1959 404 2016 rata
415 1959 709 2042 symptomatum
721 1960 1050 2040 caeterorum,quae
1065 1944 1269 2042 pulmones
1278 1937 1317 2010 af·

325 2059 442 2134 fectos
458 2057 702 2146 confirmant,
722 2063 960 2159 perquisitio,
975 2077 1017 2132 ut
1033 2077 1122 2158 puta
1141 2085 1235 2131 num
1251 2085 1318 2131 ma·
1362 2064 1363 2067 ’

323 2179 417 2250 teria
428 2203 510 2276 quae
527 2178 764 2275 ejiciebatur,
778 2177 824 2250 de
837 2178 1084 2278 profundiore
1097 2179 1184 2249 loco
1200 2203 1316 2251 ascen·

324 2295 414 2376 dere
439 2299 714 2395 perciperetur,
744 2323 834 2370 num
855 2323 985 2370 sensus
1001 2299 1041 2368 in
1059 2296 1216 2369 thorace
1236 2307 1316 2367 esset

324 2414 524 2512 ponderis,
537 2421 608 2486 'aut
619 2417 922 2514 compressionis,
939 2441 1030 2487 num
1049 2414 1252 2487 decubitus
1267 2437 1314 2484 su·
1362 2439 1363 2458 ¹

326 2531 457 2628 pinus,
471 2547 535 2602 aut
550 2534 697 2606 inlatus
711 2530 896 2621 difficilis,
910 2558 1003 2605 num
1017 2557 1177 2604 ascensu
1190 2555 1260 2630 pcr
1270 2552 1315 2602 ac·

327 2647 434 2718 clivia
448 2649 726 2741 incommodus,
745 2666 781 2723 et
797 2665 983 2748 quaesunt
999 2649 1068 2720 alia
1086 2648 1206 2746 hujus
1222 2672 1315 2748 gene
1362 2624 1363 2655 ¹

326 2765 378 2838 ris
392 2789 470 2863 quo
480 2767 602 2865 plura,
612 2793 658 2839 eo
668 2770 786 2866 magis
797 2767 1046 2855 attendenda,
1061 2789 1143 2854 nec,
1153 2769 1315 2865 inquam,

327 2883 400 2954 nisi
423 2882 559 2954 horum
579 2883 765 2972 absentia,
785 2899 995 2983 perpetuus
1011 2896 1135 2954 autem
1157 2883 1206 2955 ab
1224 2881 1316 2954 initio

324 3023 446 3098 usque
459 3001 570 3074 dolor
585 3003 793 3100 intarynge
813 3004 1015 3101 persistens
1035 3025 1189 3073 movere
1211 2997 1315 3072 medi·

326 3142 413 3190 cum
436 3118 537 3190 adid
557 3119 836 3217 conjiciendum
854 3133 1053 3217 poterant,
1073 3117 1180 3215 quod
1201 3137 1329 3189 reuera-

323 3233 414 3309 fuit:
430 3263 645 3336 quanquam
658 3253 749 3310 tunc
761 3233 952 3308 difficilius
967 3250 1046 3308 erat
1058 3235 1249 3330 conjicere
1262 3257 1315 3304 cu·

324 3355 385 3450 jus
407 3356 621 3454 exemplum
642 3379 721 3425 non
742 3352 902 3425 extabat.
920 3357 1024 3425 Hanc
1041 3350 1156 3454 igitur
1169 3353 1315 3448 primam

326 3497 370 3542 ex
388 3477 581 3571 proposita
600 3471 973 3545 historiautilitatem
994 3469 1136 3556 elicies,
1157 3484 1203 3539 ut
1223 3463 1315 3564 quod

325 3590 440 3663 semel
462 3590 702 3679 obseruatum
720 3605 792 3678 est,
818 3613 928 3686 posse
949 3590 1085 3660 iterum
1109 3609 1180 3658 nec
1203 3583 1315 3656 forsan

1159 3851 1163 3858 ·

399 3812 410 3826 '
531 3806 1261 3825 ’“““““““··““““““·““““““

365 3945 409 4025 (1)
430 3943 507 4024 Eph.
524 3947 563 4004 N.
579 3947 612 4004 C.
625 3947 696 4004 Dec.
715 3964 750 4020 2,
768 3949 805 4014 A.
821 3945 935 4020 [nobs.
950 3943 1000 4003 62.
