2750 4658
305 373 377 456 nal.
470 391 516 438 na
543 385 688 436 sumans
713 387 757 434 ur
782 385 906 434 musrs
931 385 1144 436 nonnonuu

306 505 414 578 cessit
425 504 464 572 in
475 502 621 574 sinistra
632 499 798 570 thoracis
811 513 915 596 parte
929 522 1059 571 sensus
1069 501 1233 598 ingentis
1244 523 1300 596 op

305 620 529 721 pressionis,
546 633 586 688 ut
606 619 644 686 in
660 617 758 688 lecto
775 617 916 712 spirare
927 640 1006 685 non
1024 633 1165 713 posset,
1185 617 1253 688 nisi
1264 618 1301 684 in

305 739 500 810 dexterum
523 734 678 806 cubaret
698 733 802 804 latus.
823 731 1078 804 Catarrhalem
1103 731 1300 832 exspuebat

303 856 517 936 materiam,
537 850 645 922 valde
664 849 830 938 sitiebat,
851 849 1016 922 tumidos
1035 866 1139 924 artus
1156 848 1300 921 inferio·

303 997 364 1045 res
384 969 557 1042 habebat.
586 966 641 1038 Ad
670 965 765 1054 haec,
791 981 956 1064 quatuor
981 983 1068 1065 post
1092 967 1301 1052 mensibus,

257 1079 259 1084 ¹
303 1088 479 1161 immanis
496 1085 649 1156 accessit
668 1081 863 1170 diarrhaea,
878 1109 959 1182 quae
978 1084 1150 1156 crebrius
1167 1085 1206 1156 in
1226 1084 1297 1154 dies

303 1228 457 1304 urgens,
476 1218 552 1274 tres
568 1223 713 1272 menses
730 1202 899 1298 perstitit.
920 1205 1014 1272 Toto
1032 1201 1106 1272 boc
1123 1201 1297 1300 temporis

304 1322 424 1420 spatio
442 1317 556 1390 febris
577 1333 677 1427 certa
695 1318 870 1416 periodo,
886 1343 973 1390 cum
988 1318 1147 1417 frigore,
1165 1317 1298 1406 calore,

304 1453 343 1512 et
366 1437 498 1510 dolore
522 1436 652 1534 capitis
673 1435 913 1524 recurrebat;
936 1436 1065 1534 pulsus
1081 1451 1208 1508 autem
1226 1449 1298 1507 erat

305 1554 444 1644 durus,
471 1568 507 1625 et
526 1553 634 1624 celer.
658 1553 722 1623 His
744 1551 922 1624 omnibus
940 1552 1210 1651 perstantibus,
1225 1577 1299 1650 sep

303 1674 397 1752 timo
414 1671 461 1742 ab
478 1673 631 1742 ineunte
649 1668 786 1741 morbo
805 1686 936 1742 exacto
955 1695 1084 1743 mense
1102 1671 1254 1742 interiit.

354 1795 496 1863 Ventre
520 1804 671 1887 aperto,
691 1789 799 1884 jecur
821 1789 1045 1861 subcinereo
1070 1789 1217 1878 colore,
1235 1813 1297 1860 cae·

303 1923 383 1983 tera
401 1931 534 1982 sanum
554 1933 562 1976 :
582 1931 671 1977 sana
696 1931 852 2003 quoque
873 1907 1017 2005 reliqua
1036 1907 1191 1980 inventa
1219 1919 1297 1978 sunt

303 2029 463 2112 viscera,
478 2026 549 2096 nisi
563 2023 666 2121 quod
682 2025 720 2094 in
737 2040 936 2121 pancreate
960 2037 1039 2098 erat
1060 2025 1230 2122 quaedam
1246 2047 1295 2093 ar·

303 2144 396 2216 teria
416 2142 464 2214 ad
485 2167 628 2214 osseam
647 2141 823 2213 duritiem
847 2141 1048 2241 perducta,
1066 2143 1176 2238 cujus
1199 2135 1295 2210 initio

303 2262 455 2360 sanguis
474 2262 552 2357 ipse
563 2274 781 2344 concretus,
799 2258 936 2332 deinde
961 2261 1038 2332 sola
1056 2260 1248 2358 sanguinis
1261 2255 1295 2326 fi-

303 2377 417 2450 brosa
434 2375 638 2448 substantia
651 2375 803 2448 densata
821 2376 1096 2474 continebatur.
1115 2381 1161 2446 In
1179 2375 1295 2448 thora·

303 2495 356 2567 cis
380 2517 470 2564 cavo
497 2492 650 2563 dextero
676 2492 825 2565 nullum
845 2519 1000 2591 prorsus
1021 2495 1165 2565 vitium.
1192 2495 1292 2564 Sinis·

299 2627 406 2684 ¹trum
422 2634 513 2680 vero
536 2635 640 2707 aquae
663 2612 820 2710 plenum
837 2617 876 2684 in
894 2637 969 2709 qua
984 2610 1178 2684 filamenta
1199 2610 1294 2710 quasi

305 2727 474 2826 quaedam
489 2727 677 2800 natabant.
695 2729 828 2801 Pulmo
847 2747 972 2802 autem
989 2731 1028 2801 in
1047 2754 1089 2801 ea
1104 2755 1204 2828 aqua
1222 2729 1294 2800 illae·

305 2867 390 2933 suS,
406 2845 581 2919 nonnihil
600 2846 778 2918 duntaxat
799 2845 985 2920 ssaccidus.
1008 2853 1054 2918 In
1074 2848 1201 2919 cordis
1216 2869 1294 2918 ven·

302 2963 441 3036 triculo
459 2963 613 3050 dextero
636 2989 771 3062 magna
790 2967 983 3037 concretio
1000 2965 1204 3064 polyposa,
1224 2985 1293 3062 qua

303 3081 393 3154 inde
410 3107 448 3154 se
463 3083 503 3152 in
515 3105 792 3158 venamcavam
812 3083 1045 3156 extendebat.

321 3219 323 3224 ’
358 3199 411 3272 13.
439 3202 494 3270 Ne
530 3198 722 3296 pleuritidi
751 3201 971 3272 successisse
1001 3225 1199 3297 empyema
1229 3221 1295 3272 cre-

254 3413 257 3422 !
304 3314 384 3402 das,
402 3339 489 3387 cum
516 3330 645 3386 cratera
670 3315 994 3403 ostendunt,tum
1019 3340 1118 3412 aqua
1140 3316 1292 3414 plurima

304 3457 392 3506 cum
402 3431 674 3526 ejusdemmodi
690 3431 891 3504 filamentis
906 3458 927 3503 a
945 3433 1120 3530 gravibus
1141 3429 1293 3504 thoracis

302 3547 663 3622 inflammationibus
683 3551 722 3620 in
750 3549 823 3620 hoc
842 3551 999 3647 reperiri
1027 3550 1135 3622 solita
1163 3546 1291 3624 confir-

301 3666 438 3754 mabit,
460 3666 526 3738 ubi
545 3667 591 3738 de
609 3667 653 3738 iis
665 3665 1025 3740 inflammationibus
1037 3691 1202 3764 agemus.
1213 3669 1291 3736 San·

302 3785 425 3880 guinis
442 3799 566 3854 antem
585 3782 765 3856 fibrosam
788 3785 1031 3858 substantiam
1051 3786 1091 3854 in
1117 3783 1247 3856 arteria
1262 3803 1290 3848 a·

297 3899 406 4000 ,liqua
423 3901 644 3992 coercitam,
662 3918 703 3974 ut
721 3906 760 3976 in
775 3905 844 3976 ista
862 3927 967 3991 ossea
988 3901 1127 3990 fuerat,
1152 3893 1288 3975 densari
