2648 4508
173 326 176 331 Ι
240 353 313 450 496
407 372 454 423 na
479 369 625 425 santius
650 372 693 423 ar
719 370 841 427 catus
867 372 1075 430 nonnonntt

239 491 472 569 tissimorum
489 514 585 586 quos
604 489 721 563 modo
737 491 968 582 indicabam,
995 499 1164 570 virorum
1183 524 1252 575 ex·

239 607 474 706 perimentis,
502 616 582 704 qtne
600 632 671 705 pro
694 608 895 681 verissimis
920 610 1062 703 habeo,
1086 618 1249 694 minime

239 724 469 823 respondere
478 724 717 796 videbuntur.
737 727 807 797 Sed
826 752 906 799 non
923 729 1008 802 ideo
1025 741 1251 830 praetermit-

237 843 370 914 tenda:
387 842 463 912 imo
480 867 558 913 non
573 841 717 937 silenda
728 866 806 915 esse
823 843 988 917 arbitror
1000 903 1008 937 ,
1019 853 1190 947 primum
1206 873 1250 930 ut

238 975 295 1032 tot
317 962 415 1032 inter
438 942 646 1031 anatoniiea
673 959 786 1055 hujus
812 965 959 1058 generis
986 970 1248 1064 experimenta

237 1103 357 1149 unum
369 1091 486 1164 extet,
503 1072 607 1172 quod
620 1076 665 1147 iis
680 1102 762 1173 quie
777 1081 891 1165 rati0,
911 1081 988 1155 imo
1002 1085 1103 1155 oculi
1116 1103 1246 1161 osten.

237 1195 333 1266 dunt
341 1196 380 1263 in
396 1191 620 1289 corporibus
634 1193 840 1265 viventium
854 1194 1050 1275 hominum
1064 1201 1169 1274 haud
1187 1231 1246 1278 re.

235 1325 398 1410 pugnet,
413 1333 492 1382 esse
507 1308 893 1409 videlicetaliquando
910 1337 995 1385 eum
1008 1342 1112 1389 venae
1124 1321 1242 1422 inspi-

230 1428 392 1505 rationis
410 1443 582 1525 tempore
599 1429 876 1518 intumescunt,
899 1431 1113 1531 eaedemque
1132 1437 1245 1511 detu-

233 1561 406 1618 mescunt
422 1560 594 1642 tempore
613 1544 872 1643 exspirationis
891 1574 898 1616 :
923 1545 1059 1623 deinde
1083 1538 1140 1625 ut¹
1155 1556 1242 1629 illo·

233 1689 319 1736 rum
345 1663 691 1763 experimentorum
721 1665 922 1760 scriptores
948 1667 1242 1765 ingeniosissimi

232 1782 399 1881 possint,
417 1781 447 1851 si
461 1780 599 1867 velint,
624 1796 877 1876 congruenter
898 1785 972 1855 suis
991 1787 1154 1885 quisque
1177 1817 1240 1864 ex.

231 1898 494 1998 plicationibus
507 1897 756 1986 constituere,
771 1923 853 1995 quae
870 1924 979 1972 causa
997 1907 1091 1977 tanti
1106 1906 1238 1980 discri-

231 2017 344 2088 minis
364 2017 410 2088 sit
432 2017 530 2086 inter
549 2014 627 2102 illa,
647 2030 683 2086 et
700 2039 826 2087 meum
845 2019 1166 2116 experimentum,
1185 2053 1234 2098 an

232 2134 362 2206 eadem
386 2157 498 2230 quam
515 2132 561 2202 ad
580 2131 617 2202 id
635 2132 921 2230 explicandum,
947 2138 1050 2233 quod
1078 2141 1119 2210 in
1143 2145 1237 2219 vivis

229 2252 400 2349 conspici
424 2247 643 2320 hominibus
675 2248 865 2338 dicebam,
892 2250 1003 2327 video
1028 2281 1108 2329 esse
1131 2285 1236 2334 com·

228 2382 474 2441 memoratam
500 2365 555 2461 (ι)
570 2367 585 2435 ?
598 2388 645 2435 an
662 2366 757 2454 alia,¹
777 2392 859 2464 quae
876 2368 906 2441 si
926 2375 1105 2447 attentius
1130 2377 1234 2476 legas

228 2511 313 2584 quae
331 2509 399 2581 ego
415 2483 491 2554 vidi
507 2482 554 2552 ab
567 2481 674 2552 initio
692 2484 813 2553 statim
824 2487 1005 2587 cujusque
1021 2491 1236 2591 inspiratio·

227 2603 305 2688 nis,
317 2624 402 2671 cum
424 2599 482 2670 his
497 2597 614 2695 magis
631 2615 824 2697 congruat.

270 2718 333 2805 34.
355 2721 450 2788 Cum
468 2717 568 2786 enim
585 2717 663 2813 ipse
681 2741 725 2787 ea
738 2742 820 2816 quae
835 2704 952 2817 partib
968 2704 1055 2797 avite
1068 2708 1232 2831 descrip-

224 2839 290 2928 sit,
309 2835 487 2909 Valsalvae
513 2849 722 2932 repeterem
746 2839 1000 2947 experimenta
1020 2843 1092 2916 sub
1114 2845 1232 2923 finem

223 2953 438 3052 anni1723,
457 2953 508 3025 sic
528 2951 733 3024 observavi.
753 2956 1058 3052 Integumentisa
1074 2961 1231 3039 dextera

223 3078 312 3151 colli
330 3089 435 3174 parte
451 3075 501 3145 ita
520 3075 560 3143 in
579 3096 670 3144 cane
690 3075 882 3170 separatis,
900 3090 1013 3174 atque
1035 3081 1228 3175 reductis,

219 3209 264 3269 ut
290 3209 369 3266 tota
397 3217 478 3289 quae
505 3191 594 3288 ipsis
621 3188 769 3262 obtecta
789 3187 931 3281 fuerat,
950 3194 1141 3292 juguleris
1167 3229 1229 3275 ex·

221 3327 330 3384 terna
360 3334 456 3381 vena
478 3308 636 3378 omnino
667 3322 829 3404 pateret,
856 3311 1043 3385 tremulus
1067 3317 1228 3412 quidam
1262 3298 1273 3341 '⁸

218 3431 259 3500 in
286 3430 366 3524 ipsa
394 3438 539 3510 motuS,
557 3423 623 3494 sed
651 3424 752 3493 etin
780 3425 966 3522 proxima,
991 3448 1136 3525 quanta
1167 3461 1230 3509 re-

218 3557 315 3617 tecta
332 3556 432 3631 erat,
449 3541 537 3612 colli
555 3555 660 3638 parte
671 3541 980 3638 conspiciebatur.
994 3549 1087 3618 Mox
1105 3566 1228 3627 atten-

206 3722 1220 3755 Μ

254 3829 299 3908 (1)
318 3828 387 3885 vid.
403 3827 567 3886 walstortt.
580 3826 704 3885 Dissert·
716 3837 786 3906 syst.
803 3825 944 3904 experim.
959 3793 1040 3894 circa
1055 3846 1131 3922 mot.
1145 3857 1227 3902 cero·

213 3930 280 4004 bri,
293 3941 366 4002 etc,
378 3931 394 3999 ς
407 3926 455 3985 28.
