2750 4658
153 417 224 464 mr.
252 415 293 463 11.
322 415 891 485 nnuona1srnoaao1s,ar1sr.
918 427 991 473 xvr.
1021 404 1091 480 253

72 528 356 628 ejusdemmodi
373 553 470 627 aqua
487 531 693 630 implebat:
715 560 797 632 quae
812 535 903 608 dum
922 545 1088 641 spongiis

75 647 394 735 exhauriebatur,
419 648 546 721 videre
576 665 654 722 erat
672 651 978 729 his-adhaerentia
998 684 1085 733 cum
1109 752 1110 755 Ἴ

66 769 243 866 gelatina
261 766 425 866 quadam
439 769 539 839 varia
554 766 670 841 frusta
685 772 793 868 quasi
806 773 1084 850 membranula-

71 913 175 959 rum.
197 893 338 958 Dexter
355 885 487 985 pulmo
499 886 548 957 ad
564 887 659 960 latus
671 913 840 963 annexus
854 907 935 962 erat
948 919 1017 992 per
1027 911 1082 968 te-

68 1004 129 1076 las
145 1005 293 1102 plures,
308 1002 438 1100 quales
450 1025 536 1073 cum
553 1004 722 1098 jecinore
738 1004 919 1106 descripsi
935 1037 942 1079 :
960 1036 1082 1111 eoque

70 1113 194 1192 manu
207 1122 462 1193 sinistrorsum
476 1119 651 1209 reducto,
665 1121 796 1220 pleura
808 1129 983 1223 apparuit
1000 1156 1081 1228 quae

70 1240 156 1336 ejus
176 1238 377 1337 posteriori
396 1239 493 1336 parti
518 1238 780 1337 responderat,
805 1241 867 1312 hic
893 1244 970 1316 illic
997 1262 1079 1322 tan·

68 1381 189 1455 quam
216 1358 372 1429 minutis
395 1357 532 1432 ictibus
557 1385 755 1458 percussa,
779 1378 821 1434 ut
844 1366 1078 1442 restitantem

69 1476 295 1548 coccineum
313 1477 534 1575 sanguinem
554 1478 779 1551 ostenderet.
801 1481 934 1554 Pulmo
952 1502 1076 1560 autem

67 1595 223 1668 sinister
246 1609 283 1667 et
302 1615 477 1692 suprema
505 1611 542 1669 et
562 1595 705 1667 laterali
724 1611 802 1668 tota
830 1596 922 1670 facie
948 1602 1074 1676 valen·

67 1712 212 1784 tissime
231 1736 317 1784 cum
342 1713 474 1812 pleura
492 1711 722 1799 cohaerebat,
740 1737 822 1809 quae
843 1715 887 1786 iis
910 1717 949 1788 in
976 1722 1074 1792 sedi.

67 1829 153 1919 bus,
167 1845 205 1902 et
215 1847 394 1931 praeterea
406 1832 446 1900 in
460 1829 618 1926 subjecti
632 1827 924 1928 diaphragmatis
938 1859 1075 1935 magna

59 1963 193 2052 parte,
211 1964 249 2020 et
267 1949 305 2018 in
320 1947 533 2022 mediastini
550 1949 754 2034 anteriore,
772 1963 809 2019 et
825 1973 901 2046 qua
915 1949 989 2023 hoc
1008 1979 1073 2052 pe·
1173 1949 1176 1955 ’

66 2065 232 2138 ricardio
247 2069 462 2166 appositum
480 2080 551 2156 est,
574 2091 653 2139 non
673 2065 788 2136 modo
807 2081 885 2138 erat
909 2069 1072 2165 globulis

66 2200 301 2282 exasperata,
316 2200 356 2256 ut
372 2185 567 2282 peritonaei
587 2197 733 2282 partem
756 2181 869 2256 fuisse
888 2184 985 2276 dixi,
1006 2212 1071 2262 ve·

65 2327 151 2374 rum
173 2304 330 2401 insuper
353 2326 396 2374 ea
416 2318 503 2375 erat·
518 2318 555 2374 et
578 2302 713 2376 duritie
740 2317 777 2373 et
807 2303 1070 2400 crassitudine,

65 2435 106 2492 ut
119 2421 266 2493 arteriae
275 2445 416 2519 magnae
429 2447 450 2492 a
465 2420 578 2492 corde
595 2421 797 2492 exorientis
811 2422 983 2518 parietes,
998 2451 1070 2500 nec
1100 2453 1107 2462 ·

66 2539 208 2636 paulo,
221 2555 431 2636 superaret,
453 2565 500 2611 ex
524 2537 609 2610 alba
627 2539 729 2610 intus
751 2537 957 2613 substantia
975 2567 1068 2616 con-

65 2673 187 2746 stans,
214 2658 367 2729 minutis
392 2655 586 2754 particulis
610 2671 805 2754 compacta
830 2685 838 2725 :
865 2660 1067 2756 pulmones

62 2774 194 2846 ichore
210 2799 389 2873 spumoso
413 2773 634 2872 albidoipm,
651 2776 682 2846 si
708 2771 824 2846 manu
841 2783 1066 2876 comprime·

62 2917 140 2983 res,
163 2908 309 2965 scatere¹
331 2890 599 2990 conspiciebas.
627 2896 810 2965 caeterum
825 2876 927 2965 'nihil
952 2896 1066 2972 habe-

61 3010 156 3083 bant
171 3011 269 3101 vitii,
288 3025 331 3083 ut
347 3034 471 3108 neque
490 3011 614 3108 ipsum
639 3033 724 3098 cor,
756 3011 828 3082 nisi
854 3001 950 3084 fo’rte
973 3006 1065 3089 duas

60 3144 184 3202 tresve
204 3127 465 3201 concretiones
479 3127 679 3226 polyposas
700 3128 826 3224 magni
847 3124 969 3216 facias,
990 3131 1064 3202 exi-

61 3273 153 3347 guas
169 3261 206 3319 et
216 3251 313 3346 pen'e
326 3269 509 3334 mucosas,
526 3229 689 3343 quarum
704 3267 780 3313 una
795 3244 835 3313 in
857 3246 1063 3322 auriculam

61 3367 273 3455 dexteram,
291 3365 374 3438 duae
389 3364 542 3462 reliquae
559 3360 800 3460 pertinebant
817 3363 856 3432 in
874 3387 1065 3464 magnam,

60 3502 97 3558 ct
114 3485 379 3584 pulmonarem
396 3482 568 3568 arterias,
586 3472 739 3578 singulae
753 3481 793 3550 in
811 3481 986 3579 singulas.
1006 3492 1066 3558 In·

60 3618 117 3676 tra
137 3600 392 3701 pericardium
406 3613 533 3672 autem
548 3595 669 3670 fuerat
683 3622 780 3695 aqua
797 3599 878 3694 ejus
895 3605 1065 3700 persimi-

60 3719 105 3794 lis
120 3744 205 3819 quae
224 3721 265 3791 in
291 3734 422 3792 ventre
446 3731 483 3789 et
501 3715 655 3795 thorace
685 3714 873 3814 descripta
899 3735 973 3809 est,
1000 3723 1065 3794 sed

61 3839 172 3937 copia
185 3839 247 3909 vix
263 3837 399 3934 majori
417 3859 530 3934 quam
552 3832 712 3905 modica.
738 3833 852 3924 Quod
875 3834 1066 3934 reliquum

62 3971 134 4049 est,
150 3955 355 4055 thyroideae
374 3940 559 4053 glandulae
576 3951 724 4027 sinister
747 3949 859 4023 lobus
878 3952 971 4048 quid
988 3954 1067 4027 vitii
1153 3995 1155 4000 ·
