2842 4672
187 466 258 512 ms.
286 465 311 510 1.
340 465 387 510 ne
412 433 549 511 nonam
574 462 734 528 caetris,
756 465 873 514 nrisr.
900 467 981 516 xm.
1044 444 1091 541 75

65 577 282 652 arcendam
297 577 545 650 irritationem
561 602 582 648 a
600 577 702 650 claro
714 557 894 652 llrndelio
915 580 982 678 (t)
1003 605 1092 680 pro·

65 698 270 796 positum,
295 719 425 794 parem
450 695 605 793 ingenio
627 721 709 793 quo
735 700 988 796 excogitatum
1011 715 1092 790 est,

67 817 223 886 exitum
251 811 419 913 haberet.
438 813 587 886 Scilicet
599 813 805 913 palpebras
826 805 926 888 iuter
942 833 979 890 et
998 795 1091 890 octi-

67 931 157 1002 lum
167 931 336 1004 nitidum
345 955 388 1004 ac
396 933 1090 1032 perpolitum,vitruminterjiciendum

68 1049 340 1150 proponebat,
363 1049 465 1122 haud
486 1048 756 1136 aliterdactum
777 1075 891 1150 quani
908 1055 1090 1149 artficia-

70 1167 170 1257 lem,
188 1182 236 1239 ut
248 1183 405 1257 vocant,
422 1169 576 1240 oculum
585 1167 775 1258 videmus,
789 1159 862 1242 nisi
879 1169 984 1266 quod
1008 1170 1092 1242 sine·

67 1285 152 1358 ulla
167 1287 320 1384 pictura
337 1295 452 1360 esset:
470 1287 522 1360 sic
538 1288 641 1358 enim
659 1284 758 1374 fore,
777 1300 819 1357 ut
832 1285 900 1384 pili
914 1286 1089 1387 quidem,

68 1403 248 1476 sednon
276 1403 372 1476 lucis
391 1402 487 1476 radii
512 1404 814 1478 excluderentur.
844 1408 985 1477 Verum
1012 1405 1088 1477 sive

65 1536 191 1594 tenue
206 1519 459 1602 adeovitmm
473 1536 516 1594 ut
525 1521 650 1595 radios
667 1546 746 1594 non
761 1519 1003 1620 refringeret,
1020 1547 1088 1620 pe-
1195 1589 1196 1594 ,

66 1639 250 1711 riculosae
268 1627 408 1728 oculis,
426 1635 596 1712 fracturae
608 1652 751 1714 metum
763 1640 934 1727 incussit,
950 1640 1026 1712 sive
1037 1665 1086 1712 ne

66 1755 305 1828 insensibilis
322 1757 607 1854 perspirationis
632 1747 778 1830 effluvio
794 1758 931 1828 nitrum
946 1758 1089 1856 jugiter

66 1871 331 1962 infuscarent,
345 1889 411 1949 aut
425 1875 577 1963 oculos,
594 1889 715 1946 aestate
726 1877 950 1973 praesertim,
966 1875 1086 1946 nimio

66 1993 199 2066 calore
211 1989 425 2081 afficerent,
442 2007 506 2063 aut
522 2017 591 2090 per
604 2015 751 2063 moram
770 1991 914 2064 acriora
925 1989 1019 2062 facta
1033 1992 1086 2060 ir-

69 2113 259 2198 ritarent,
273 2124 339 2182 aut
351 2110 567 2201 molestam,
587 2109 885 2210 etpericulosain
896 2109 1022 2182 tenuis
1031 2109 1085 2181 vi-

66 2231 116 2298 tri
128 2226 573 2316 identidemeximendi,
594 2226 852 2328 abstergendi,
871 2223 1085 2324 reponendi

67 2347 337 2434 necessitatem
351 2341 549 2434 afferrent,
565 2348 640 2420 sive
657 2346 737 2416 aliae
754 2346 940 2443 quaepiam
954 2367 1085 2432 causae,

69 2486 239 2561 quarum
272 2465 385 2538 nullae
411 2462 487 2535 lere
515 2463 656 2536 cadunt
679 2465 719 2534 in
744 2469 825 2534 arti
852 2463 957 2534 catalis
982 2462 1084 2534 oculi

69 2607 209 2673 usum,
231 2581 435 2656 dehortata
454 2582 547 2670 sint,
563 2584 756 2664 neminem
775 2581 917 2680 legere,
936 2596 1002 2653 aut
1017 2605 1084 2652 au·

69 2699 152 2774 dire
167 2703 349 2800 contigit,
369 2702 436 2799 qui
446 2701 497 2772 ab
512 2723 613 2770 anno
629 2700 745 2796 hujus
759 2699 881 2772 saeculi
901 2699 1084 2798 vigesimo

70 2819 335 2917 secundoquo
351 2819 390 2890 id
407 2819 534 2890 auxilii
549 2818 745 2916 vulgatum
754 2832 827 2906 est,
845 2815 892 2888 ad
904 2816 1084 2888 hoctem·

68 2963 143 3036 pus
158 2938 202 3008 in
215 2959 326 3010 usum
344 2938 514 3027 traxerit,
533 2951 598 3008 aut
616 2937 684 3034 qui
702 2936 783 3032 ejus
801 2937 934 3008 notitia
953 2937 1085 3008 excita-

68 3070 152 3144 tus,
171 3056 307 3130 melius
317 3055 473 3153 aliquod
482 3055 694 3154 excogitare
703 3068 862 3126 conatus
872 3055 931 3126 sit·
940 3057 1083 3127 Doctus

68 3172 173 3245 idem
200 3174 257 3245 vir
280 3173 386 3244 modi
408 3172 893 3270 conjecturam-proposuit
913 3195 990 3268 quo
1015 3171 1082 3268 pili

69 3289 107 3360 iu
131 3289 344 3362 distichiasi
364 3317 443 3362 non
467 3315 536 3364 suo
560 3292 645 3382 loeo
664 3303 944 3390 prorumpant:
965 3313 1081 3387 quem
1181 3362 1183 3369 ,

70 3406 202 3480 locum
222 3409 394 3480 altiorem
408 3408 556 3506 videtur
569 3408 737 3480 indicare
748 3432 862 3507 quam
874 3407 913 3478 in
925 3430 968 3479 ea
985 3423 1083 3480 esset

73 3525 280 3598 distichiasi
295 3581 305 3616 ,
323 3527 431 3623 cujus
447 3525 494 3598 ad
513 3552 574 3598 me
589 3525 882 3624 descriptionem
900 3525 999 3598 misit
1010 3525 1081 3596 cla-

72 3667 137 3738 rus
155 3642 392 3716 Tabarranus
410 3643 477 3741 (a)
497 3645 569 3714 iti-c
578 3644 684 3714 enim
701 3669 746 3714 ex
759 3643 896 3738 osculis
911 3629 1082 3714 sebacea·

110 3925 157 4003 (1)
178 3929 255 4004 Eph.
272 3931 311 3984 Ν.
329 3930 364 3985 C.
377 3929 462 3985 Cent.
480 3947 533 3999 10,
548 3929 613 3986 obs.
630 3925 678 4000 75.

108 4023 155 4102 (a)
175 4029 210 4083 In
222 4027 317 4103 Epist.
332 4025 453 4104 praefixa
465 4025 550 4085 alteri
563 4026 698 4086 Editioni
711 4043 790 4085 suar.
804 4026 877 4084 Oba.
890 4026 979 4080 Anat.
