2812 4660
172 403 250 450 LIB.
283 404 330 450 11.
358 399 405 450 DE
430 401 566 450 MORBIS
590 401 782 467 monacis,
808 402 918 452 nrls'r.
945 402 1049 452 xv111.
1079 381 1144 481 391

117 541 212 612 qum
233 518 365 614 ipsam
384 529 703 602 commonstrent,
718 516 759 585 in
779 515 919 612 quibus
938 519 1047 615 ponit
1064 542 1150 590 cor·

116 633 182 707 dis
218 657 414 733 angorem
445 648 482 704 et
512 633 796 732 palpitationem
830 633 1038 731 pulsusque
1068 637 1150 732 ple-

117 776 306 850 rumque
332 776 510 850 magnos,
529 767 566 822 et
581 749 760 848 aequales,
778 748 868 838 hos,
885 765 922 822 et
938 751 1063 823 cordis
1078 774 1150 850 op-

121 871 360 966 pressiones
371 867 917 964 confirmantellbertinop),
936 883 973 940 et
989 868 1063 940 huc
1076 873 1152 940 ani·

119 988 180 1058 mi
199 983 446 1058 defectiones
463 985 634 1060 addente.
655 989 700 1056 Et
716 997 865 1056 caeteras
879 985 1034 1083 quidem
1043 996 1152 1060 notas

118 1127 228 1203 saepe
250 1101 490 1201 respondete
513 1089 712 1200 intelliges,
729 1099 789 1172 vel
808 1125 869 1174 eas
887 1103 1059 1202 relegens
1075 1103 1152 1177 his·

119 1222 275 1333 norim,
310 1245 393 1318 qun:
417 1235 481 1292 ant
505 1219 619 1318 paulo
643 1235 729 1292 ante
750 1219 823 1317 (2)
849 1237 1151 1292 commemoratae

121 1355 241 1426 sunt,
269 1354 342 1410 aut
365 1337 550 1424 hactonus
569 1338 609 1408 in
627 1339 816 1435 praesenti,
834 1353 898 1409 aut
919 1340 1043 1437 primo
1064 1338 1151 1410 loco

122 1457 167 1526 in
186 1455 361 1554 epistola
380 1457 553 1552 proxima
569 1457 762 1554 superiore
780 1454 835 1552 (3)
855 1455 1060 1554 descripta.
1079 1455 1151 1528 Sed

125 1575 169 1644 in
186 1572 376 1671 pulsibus
394 1569 549 1644 fortasse
571 1571 732 1666 haereas,
753 1596 840 1643 cum
859 1571 905 1642 de
922 1573 1043 1644 tribus
1062 1597 1083 1643 a
1102 1573 1149 1644 el.

125 1694 242 1762 Pasta
266 1694 285 1788 l
295 1688 341 1784 4)
360 1689 528 1760 dissectis
549 1713 598 1759 ne
625 1711 744 1758 unum
762 1687 915 1785 quidem
938 1688 1048 1762 fuisse
1074 1717 1151 1762 me·

127 1809 320 1894 mineris,
335 1807 401 1904 qui
422 1805 598 1902 inaequali
615 1821 651 1877 et
668 1806 938 1885 intermittente
952 1809 1151 1878 continen-

121 1941 191 2007 ter
215 1926 337 2024 pulsu
352 1949 430 1995 non
445 1938 558 2014 esset,
579 1945 799 2021 quanquam
815 1923 891 1995 duo
903 1933 1004 1996 certe
1017 1923 1152 1994 dilatn-
1194 2021 1196 2024 Ι

129 2060 221 2116 tum
260 2041 515 2114 ventriculum
544 2040 741 2114 dexterum
773 2039 1000 2113 habuerunt.
1029 2039 1151 2112 Velim

129 2163 261 2260 igitur
279 2159 573 2248 animadvertas,
598 2158 637 2229 id
663 2159 812 2256 signum
829 2183 850 2230 a
868 2157 1038 2256 pulsibus
1053 2159 1150 2256 peti-

130 2294 225 2350 tum
238 2329 249 2363 ,
260 2301 338 2346 non
358 2270 665 2348 esse'necessario
677 2297 807 2348 verum
818 2298 906 2348 cum
920 2274 990 2346 alia
1005 2275 1052 2348 ad
1064 2275 1153 2346 dex·

133 2411 320 2466 tororum
336 2416 512 2466 carorum
527 2392 784 2464 dilatationem
804 2395 892 2466 vitia
909 2392 1155 2490 adjiciuntur,

136 2511 292 2610 qualia,
314 2515 458 2584 Pastum
486 2512 609 2608 ipsum
630 2511 813 2609 legendo,
837 2512 878 2580 in
903 2510 1054 2584 dnobus
1080 2511 1153 2582 illis

139 2626 262 2702 fuisse
290 2627 474 2717 invenies,
503 2651 584 2699 non
609 2652 716 2701 secus
737 2643 850 2728 atque
880 2630 920 2699 in
947 2629 1153 2716 canonico,

140 2769 262 2843 quem
278 2769 389 2844 supra
407 2744 463 2843 (5)
481 2769 527 2816 ex
543 2747 702 2818 Lancisii
722 2743 984 2819 observatione
1007 2742 1152 2816 meino-

141 2865 334 2954 ravimuS,
359 2866 421 2934 cui
445 2863 576 2960 pulsus
595 2865 842 2962 inaequalitas,
871 2880 907 2934 et
926 2863 1153 2934 intermissio

127 3007 228 3052 non
259 2979 465 3054 defuerant.
494 2985 632 3052 Contra
661 2997 787 3052 autem
810 2980 913 3068 vide,
945 2982 985 3048 in
1015 2979 1155 3079 quibus

145 3098 319 3172 Valsalva
338 3097 393 3196 (6)
408 3098 521 3170 simul.
535 3119 666 3204 eorum
681 3119 858 3169 carorum
878 3096 1155 3200 dilatationem,
