2820 4662
190 462 259 512 tm.
287 463 327 512 n.
356 462 403 512 ne
429 461 568 511 uoaars
592 459 786 525 monacis,
813 458 926 508 amsr.
952 459 1027 508 xix.
1053 429 1130 524 453

120 601 235 677 quus,
252 575 339 650 cum
351 579 432 650 sani
446 575 779 664 essent,vielentia
796 588 950 647 externa
961 589 1130 672 strangu·

120 695 223 780 lavit,
237 695 522 766 admirationem
542 694 678 764 minuit
704 692 810 790 quod
829 693 869 763 in
887 690 1020 764 iisdem
1037 690 1128 764 Val-

120 812 220 884 salva
236 813 435 886 cerebrum
451 810 637 882 invenerit
663 808 711 881 ab
733 809 897 882 naturali
914 823 1012 882 statu
1032 806 1130 878 nihil

119 928 358 1027 discrepans,
371 943 434 1003 aut
449 928 639 1001 crassioris
654 927 841 1026 meningis
853 921 1130 1004 vasanounihil

102 1133 105 1139 s
123 1045 305 1119 duntaxat
316 1047 496 1146 sanguine
510 1045 679 1144 turgida,
697 1068 782 1116 cum
794 1045 937 1117 interea
952 1043 1047 1114 cutis
1057 1065 1131 1112 cra·

119 1163 228 1234 nium
245 1165 403 1262 tegentis
414 1162 592 1236 interiora
602 1161 767 1251 vascula,
785 1176 823 1233 et
832 1185 913 1258 quae
924 1159 1045 1232 oculis
1055 1158 1129 1228 cir·

82 1291 85 1299 ’
118 1280 305 1377 cumjecta
322 1294 429 1370 sunt,
453 1293 517 1353 aut
533 1304 605 1377 per
627 1275 845 1352 retiformen
869 1275 1009 1350 horum
1028 1275 1129 1348 tuni-

118 1421 222 1484 cam,
242 1414 306 1471 aut
325 1423 393 1496 per
412 1399 559 1470 aurium
575 1412 795 1496 tympanum
814 1392 1011 1484 feruntur,
1032 1393 1130 1467 adeo

120 1529 336 1614 turgerent;
354 1516 482 1588 utalia
498 1514 633 1586 harum
650 1511 812 1611 partium
826 1511 1063 1584 inflammata
1075 1512 1129 1582 vi·

124 1632 328 1716 derentur,
353 1631 565 1720 nonnullae,
589 1645 635 1701 ut
648 1629 1072 1727 membrana-tympani,
1093 1645 1132 1702 et

123 1775 269 1823 annexa
286 1749 467 1836 ossicula,
490 1748 613 1818 tincta
636 1747 749 1816 etiam
771 1746 953 1842 sanguiue
975 1769 1132 1842 appare-

120 1883 220 1941 rent.
238 1867 368 1942 Soluto
381 1866 481 1938 enim
499 1863 652 1961 laqueo,
665 1855 978 1961 amplissimisque
990 1863 1064 1934 viis
1076 1862 1130 1933 in·

120 1999 316 2058 ternarum
333 1981 564 2081 ju'gularium
576 2005 757 2053 venarum
772 1979 942 2052 redituro
959 1979 1132 2078 sanguini

122 2102 299 2188 reclusis,
315 2099 435 2194 multo
445 2099 604 2171 maxima
615 2096 749 2193 hujus,
760 2097 903 2196 quippe
912 2097 1031 2183 fluidi,
1044 2121 1132 2194 pars

127 2243 149 2290 e
165 2216 307 2289 cerebri
322 2216 482 2312 sinibus,
493 2216 675 2313 venisque
687 2215 894 2310 majoribus
907 2215 946 2284 in
954 2214 1025 2286 hos
1038 2211 1134 2284 desi·

124 2333 322 2424 nentibus,
339 2331 452 2420 ‚facile
467 2332 640 2418 defluxit,
663 2351 751 2434 cum
768 2334 800 2405 is
819 2333 885 2429 qui
899 2356 969 2430 per
986 2328 1133 2408 anfrac-

126 2463 190 2522 tus
221 2453 484 2551 angustiasque
508 2453 635 2549 'magis
668 2449 880 2523 dissitarum
908 2449 1133 2521 veuularum

125 2568 251 2640 minus
268 2569 481 2668 expeditum
498 2568 659 2640 reditum
675 2566 853 2656 haberet,
872 2567 911 2638 iu
931 2566 976 2639 iis
994 2566 1132 2642 subsis-

124 2699 245 2774 teret,
260 2687 455 2759 uounullis
471 2711 600 2759 earum
618 2686 809 2783 exceptis,
824 2709 920 2782 quas
936 2699 1001 2758 aut
1015 2685 1134 2788 magis

125 2803 278 2902 plenas,
303 2819 367 2876 aut
385 2805 511 2876 minus
527 2805 741 2876 resistentes
765 2804 921 2900 laqueus
946 2818 1032 2876 ante
1058 2803 1135 2876 dis-

125 2926 306 3020 rupisset,
325 2935 389 2994 aut
405 2921 474 2992 alia
490 2922 652 2992 exterior
667 2919 863 3019 violentia3
881 2943 968 2990 nam
980 2921 1135 2994 Littrius

126 3041 169 3111 in
193 3064 236 3112 ea
257 3039 304 3110 de
328 3063 402 3136 qua
422 3057 534 3134 supra
550 3035 605 3132 (1)
623 3035 767 3107 dictum
786 3049 862 3123 est,
881 3032 1024 3106 femina·
1038 3049 1134 3132 tym-

124 3157 217 3255 pani
231 3154 383 3228 alterius
401 3152 681 3237 membranam,
698 3176 778 3222 nou
792 3165 987 3222 cruentam
1000 3151 1133 3243 modo,

127 3275 186 3346 uti
201 3272 386 3361 Valsalva,
412 3269 477 3344 sed
493 3270 694 3342 laceratam
710 3266 983 3365 deprehendit,
1003 3282 1046 3342 ut
1061 3293 1135 3342 un-

129 3391 227 3464 ciam
246 3391 394 3462 circiter
408 3387 600 3486 sanguin-is
616 3386 815 3458 emisisset:
830 3409 1045 3494 quanquam
1063 3412 1139 3488 pro-

127 3510 234 3582 vario
248 3506 553 3604 strangulationis
564 3503 680 3576 modo
694 3503 815 3599 major
827 3526 921 3592 esse,
933 3520 996 3577 aut
1009 3507 1138 3578 minor

128 3629 189 3699 vis
199 3650 316 3698 eausae
331 3637 456 3728 potest
467 3622 850 3722 vasadisrumpentis,
862 3636 904 3695 ut
915 3621 1139 3720 inferius(2)
