2832 4662
281 403 351 488 tta
453 424 499 485 bt
526 422 673 500 sentens
696 424 741 480 nr·
765 421 890 480 tauers
916 425 1130 483 uontonont

279 551 321 622 in
337 547 491 620 arterias
501 544 830 644 producerentur,
841 545 883 618 in
897 543 966 619 has
981 547 1109 620 minus
1121 567 1239 646 mam
1251 549 1294 618 in

278 665 375 754 illas,
393 661 716 763 producebantur.

328 788 362 872 4.
381 786 549 880 Utraque
566 779 723 854 historia
735 779 880 878 aliquid
891 804 961 879 per
971 805 1012 855 se
1029 780 1144 854 docet
1154 796 1295 852 nomm
1406 801 1407 858 t

171 895 176 910 ’
280 900 437 1002 quidem
450 897 642 987 omnibus,
656 897 722 970 sed
731 921 928 996 nunquam
943 899 1295 987 satisincuicetum3

279 1017 603 1120 primoquidem,
628 1016 700 1090 nisi
723 1015 869 1114 magnis
897 1015 1296 1116 morbisstempestive

281 1149 521 1223 occurratur,
550 1133 772 1232 prevalidos
797 1133 912 1212 etiem
946 1132 1143 1222 homines,
1156 1157 1294 1231 eoque

280 1253 353 1330 sibi
376 1250 640 1352 praefidentes,
664 1251 704 1321 in
728 1249 867 1348 quibus
886 1251 949 1324 ttle
970 1265 1071 1324 certe
1091 1249 1295 1324 rhedarius

280 1371 367 1458 fuit,
386 1370 566 1468 opinione
581 1367 692 1440 citius
706 1367 873 1442 absumi:
889 1367 1026 1458 altera,
1043 1370 1209 1467 pessime
1224 1367 1294 1440 sibi

281 1485 480 1566 consulere
491 1484 557 1584 qui
569 1483 670 1558 leves
682 1484 732 1557 ob
745 1483 903 1558 morbos
913 1485 954 1558 iu
968 1487 1202 1561 nosocomiis
1216 1484 1294 1556 diu·
1407 1565 1408 1584 χ

280 1608 356 1680 tius
379 1602 537 1694 cubant,
558 1603 766 1702 praesertim
787 1603 818 1676 si
844 1626 964 1702 prope
991 1627 1113 1702 aegros
1123 1603 1293 1699 jaceant,

281 1747 408 1800 nerem
418 1722 551 1822 pravis
562 1713 743 1794 hatitibus
756 1716 986 1810 inficientes3
998 1719 1046 1794 ed
1059 1719 1183 1794 multo
1192 1721 1293 1791 enim

282 1842 473 1942 graviores
496 1837 657 1911 morbos
683 1837 960 1938 disponuntur,
983 1849 1099 1936 quatu
1117 1839 1149 1911 is
1169 1835 1294 1910 uerat

281 1960 391 2056 cujus
409 1954 587 2056 abigendi
615 1955 733 2054 gratia
763 1955 855 2028 illuc
876 1970 1167 2044 concesseruut,
1190 1947 1293 2028 r'elut

280 2077 342 2151 isti
361 2075 496 2150 accidit
517 2075 617 2164 viro,
646 2074 858 2148 acutissima
882 2063 1085 2173 propterea
1104 2087 1293 2172 correpto

278 2193 596 2282 inflammatione,
614 2211 734 2288 eaque
751 2191 931 2290 maligna,
949 2193 980 2264 si
992 2195 1209 2263 Fontanum
1225 2215 1292 2262 au-

282 2312 379 2396 dias,
391 2311 458 2410 qui
467 2309 520 2408 (1)
530 2307 718 2407 ejusmodi
730 2306 1072 2381 inflammationem
1084 2331 1237 2381 causam
1251 2309 1290 2378 iu

281 2429 445 2504 humore
466 2426 653 2502 statuebat
674 2427 780 2500 tenui
795 2427 1022 2516 virescente,
1041 2427 1107 2524 qui
1124 2427 1233 2498 color
1251 2427 1292 2496 in

213 2534 215 2539 ’
280 2547 469 2649 propositi
487 2546 575 2643 aegri
588 2546 710 2644 sputis
722 2559 779 2617 est
795 2542 1087 2617 animadversus.
1107 2548 1292 2616 Caeterum

283 2663 390 2762 quod
407 2662 455 2732 ad
476 2660 649 2732 dolorem
670 2662 803 2740 attinet
819 2661 974 2760 ejusque
991 2683 1160 2750 causam,
1179 2677 1219 2734 et
1235 2685 1291 2734 se·
1409 2757 1410 2770 ἵ

283 2778 370 2850 dem
381 2831 400 2868 ,
410 2780 484 2850 erit‘
496 2781 751 2877 opportunior
769 2775 866 2850 infra
880 2777 1069 2852 scribendi
1080 2778 1205 2861 *locus
1227 2783 1291 2849 ln·

283 2908 384 2970 terea
396 2893 478 2973 noli
491 2894 754 2993 mirari,qu0d
768 2893 918 2972 nullum
932 2895 1102 2968 Valsalva
1114 2897 1155 2966 in
1169 2897 1291 2994 prima
1409 2949 1410 2956 κ

282 3011 440 3086 historia
465 3013 740 3085 memoraverit.
769 3015 865 3086 Cum
892 3012 993 3084 enim
1019 3013 1291 3110 peripneumo-

282 3131 384 3202 niam
398 3129 505 3219 dixit,
517 3153 598 3200 non
613 3153 722 3201 secus
728 3131 958 3228 gravativum
972 3128 1166 3218 dolorem,
1176 3155 1290 3228 quem

283 3247 449 3340 febrem,
467 3249 536 3332 etsi
555 3262 731 3318 neutrum
746 3247 883 3319 diserte
895 3247 1041 3344 posuit,
1056 3231 1287 3344 significavit.

282 3369 368 3438 Non
397 3390 481 3440 sum
509 3365 736 3452 nescius„in
759 3351 990 3436 hocmorbo
1009 3385 1289 3462 nonnunquam

282 3455 452 3556 dolo'rem
469 3482 590 3554 videri
607 3482 774 3574 nullum,
803 3497 847 3556 ut
870 3481 1047 3581 alias(n)
1064 3483 1286 3572 ostendam,

322 3872 366 3951 (1)
386 3873 423 3930 ln
435 3871 492 3928 hnc
508 3871 529 3928 l.
545 3887 562 3928 a
576 3869 746 3946 Sepulchr„
764 3879 836 3932 sect.
855 3879 888 3946 4,
900 3859 971 3932 ⁴tritt.
988 3869 1036 3930 ab.

322 3969 365 4049 (a)
385 3971 480 4049 Epist.
495 3988 548 4046 21,
562 3987 592 4028 n.
608 3967 626 4027 5
643 3979 672 4029 et
683 3987 749 4049 seqs
854 4055 861 4072 .
982 3987 984 3996 ’
