2750 4658
143 412 218 460 mu.
247 411 287 460 11.
309 412 362 460 *nr
387 411 523 476 uoums
548 409 741 476 rnonsors,
766 409 878 459 urrsr.
904 411 978 458 xvr.
1008 380 1083 461 abr

67 526 233 626 quidem
260 525 309 598 ad
338 526 434 598 latus
463 525 617 598 cervicis
644 525 763 613 uteri,
783 523 849 596 sed
873 538 1013 596 tantam
1037 539 1082 598 ut
1112 617 1115 624 Ι

68 645 193 740 quasi·
207 641 326 741 duplo
352 643 474 739 major
495 655 591 713 esset
615 665 728 738 quam
749 641 870 712 vesica
892 629 1080 731 urinaria,

69 785 181 856 aqua
203 766 306 830 tenui
320 759 537 856 lucidoque,
557 759 651 831 sicut
669 755 765 830 iufra
778 757 886 845 dicit,
910 759 1085 856 plenissi-.

70 902 198 967 mam3
217 894 259 950 ut
273 880 440 975 proclive
457 879 521 966 sit,
535 877 739 972 conjicere,
758 902 803 946 ex
817 875 999 948 similibus
1012 876 1086 949 dis·

69 996 199 1093 ruptis
217 996 349 1068 vesicis
369 1019 505 1093 aquam
520 994 701 1080 extitisse,
722 1019 804 1090 quae
824 993 1020 1065 dexterum
1039 996 1081 1066 in

71 1128 245 1210 utroque
277 1113 441 1200 thoracis
474 1135 604 1188 cavum
639 1108 842 1209 implebat,
875 1113 1082 1209 praesertim

72 1254 162 1302 cum
182 1232 224 1300 in
242 1235 258 1300 Ι
279 1255 432 1329 quoque
450 1229 589 1326 libriII
604 1228 841 1328 Sepulclrreti
860 1229 1081 1328 sectione(1)

72 1347 121 1419 ab
146 1349 231 1420 aliis
258 1363 387 1446 postea
410 1343 602 1447 repertum
631 1347 830 1417 homiuum
859 1347 1081 1444 pulmonem

73 1466 247 1564 legamus
260 1472 388 1538 vesicis
399 1466 576 1564 plenum,
595 1467 729 1563 quibus
737 1470 891 1563 apertis,
906 1480 1082 1562 autoqua

75 1586 227 1672 exibat,
247 1601 309 1656 aut
323 1583 462 1656 humor
476 1583 706 1682 pellucidus,
726 1585 792 1679 qui
811 1583 878 1653 etsi
896 1597 985 1653 tunc
1001 1582 1081 1654 len·

78 1714 139 1772 tus
156 1717 234 1773 erat
246 1708 363 1772 instar
379 1703 577 1773 albuminis
598 1706 671 1782 ovi,
691 1714 815 1769 tamen
836 1697 999 1768 fluxilior
1013 1723 1085 1770 an-·

77 1833 140 1890 tea
161 1819 201 1888 in
220 1819 373 1907 iisdem,
399 1818 459 1888 vel
482 1817 607 1916 potius
623 1816 662 1886 in
680 1814 779 1898 aliis,
802 1839 884 1910 quae
904 1812 1081 1912 disruptae

79 1951 223 2026 essent,
244 1938 375 2010 vesicis
393 1932 504 2007 fuisse
526 1947 690 2031 poterat,
704 1949 741 2004 et
757 1931 993 2030 hydropem,
1014 1933 1082 2029 qui

79 2069 162 2126 erat
175 2056 215 2124 in
226 2055 343 2128 altero
360 2052 525 2126 thoracis
537 2053 672 2140 latere,
691 2048 831 2122 fecisse.

128 2177 273 2245 Verum
292 2171 354 2244 hie
381 2172 456 2243 duo
480 2168 634 2242 forsitan
659 2193 704 2241 ex
721 2194 782 2241 me
802 2191 964 2266 quaeres,
990 2166 1082 2238 alte-

80 2314 184 2378 rum,
213 2290 406 2388 quomodo
430 2290 601 2388 hydrops
629 2288 821 2386 pulmonis
842 2285 915 2356 dici
940 2285 1081 2384 possit,
1131 2321 1133 2327 2

82 2431 188 2497 cum,
202 2410 321 2507 ruptis
336 2410 412 2506 jam
429 2408 543 2504 hujus
555 2405 818 2504 hydatidibus,
832 2429 928 2502 aqua
943 2405 982 2473 in
996 2403 1083 2474 tho·

81 2551 207 2598 racem
225 2541 281 2600 est
300 2524 441 2600 effusa?
458 2526 636 2612 alterum,
662 2548 709 2596 an
730 2523 899 2622 hydrops
918 2519 1084 2595 thoracis
1133 2543 1138 2551 ·

79 2645 149 2717 ista
167 2644 391 2743 plerumque
408 2645 551 2716 ratione
561 2641 650 2714 fiat?
663 2640 774 2732 Quod
788 2640 834 2712 ad
846 2641 1012 2739 primum
1030 2654 1083 2712 at·

82 2765 195 2850 tinet,
222 2763 376 2860 proprie
403 2760 555 2860 quidem
575 2760 767 2859 pulmonis
793 2757 962 2856 hydrops
990 2771 1084 2829 tuuc

83 2879 160 2952 dici
176 2879 344 2968 videtur,
361 2904 448 2954 oum
463 2903 587 2952 serum
600 2879 640 2948 in
656 2879 738 2976 ipso
751 2875 871 2947 haeret
883 2874 1083 2972 pulmone,
1103 2861 1106 2870 ’
1135 2913 1139 2922 ·

84 2998 406 3097 quemadmodum
422 2999 575 3069 Tozzius
592 2995 665 3094 (2),
691 3009 728 3067 et
740 2993 955 3064 Albertinus
972 2991 1030 3087 (3)
1043 2992 1083 3062 in

83 3116 326 3189 cadaveribus
343 3114 390 3188 ab
405 3133 444 3188 se
457 3130 649 3214 repertum
666 3111 899 3194 describunt,
912 3109 983 3178 alia
1001 3131 1083 3203 quae
1127 3117 1138 3125 ’“

84 3234 235 3306 adeum
254 3235 443 3332 pertinent
466 3232 661 3321 morbum,
680 3253 756 3298 non
783 3225 1083 3315 reticentespcu·
1135 3251 1139 3258 ·

81 3353 143 3448 jus
161 3352 275 3449 signis
295 3351 381 3452 addi
395 3373 525 3450 posse,
556 3346 734 3419 indicavit
753 3349 772 3414 J
775 3369 808 3415 o.
831 3347 949 3428 Maur.
979 3339 1084 3414 Hoff-

125 3711 170 3792 (1)
190 3713 262 3770 Ohs.
277 3712 314 3770 33
332 3722 360 3769 et
375 3711 422 3770 36.

125 3825 170 3905 (2)
191 3825 299 3882 Medic.
313 3828 392 3882 Part.
405 3827 503 3881 Praet.
518 3824 572 3881 ubi
583 3823 620 3880 de
631 3821 746 3879 Morbis
758 3823 837 3878 Pect.

125 3939 170 4018 (3)
191 3942 356 3998 Comment.
368 3939 406 3998 de
417 3940 533 3997 Bonon.
548 3938 596 3997 Se.
608 3938 682 3996 Inst.
693 3980 701 4015 ,
711 3946 784 3995 tom.
801 3954 814 3994 1
831 3933 864 3990 in
875 3931 985 4010 Opusc.
