2766 4670
189 459 260 507 Lm.
282 458 309 505 1.
337 457 385 504 DE
410 449 546 506 nonus
572 453 730 519 cums,
756 455 868 505 Erlsr.
894 458 969 506 xlv.
1027 461 1090 508 111

76 597 160 646 ram
171 569 350 671 quidem,
363 583 408 642 nt
420 567 524 666 apud
540 567 686 640 clarum
701 566 899 642 Paliinium
917 569 971 670 (1)
987 572 1095 671 isqui

79 719 124 766 ex
137 690 351 764 humorum
361 689 645 762 coacervatione
660 687 796 775 factus,
812 689 893 760 nasi
905 690 1095 764 internam

78 808 345 882 membranam
354 805 403 878 ad
414 804 712 903 magnitudinem
728 808 789 877 ovi
800 806 1010 880 columbini
1023 809 1096 882 dis·

77 927 287 1012 tendente,
304 923 353 998 ab
370 948 521 996 summo
531 922 579 994 ad
590 924 710 994 imum
724 940 896 1023 apertus,
915 941 1027 1025 atque
1045 929 1096 1000 ita

80 1059 238 1118 curatus
256 1057 338 1116 est:
360 1055 397 1113 et
408 1040 512 1140 apud
521 1040 752 1138 Ruyschium
766 1041 821 1140 (a)
836 1043 890 1120 illi
902 1045 969 1141 qui
981 1069 1096 1116 mem·

81 1165 209 1236 brana
237 1158 412 1249 involriii,
429 1159 681 1232 substantiam
689 1165 917 1257 pitza'tosam
942 1178 979 1234 et
994 1160 1098 1234 limo-

79 1306 158 1352 sam
188 1285 296 1352 nacci
316 1292 616 1352 memorantur:
645 1277 709 1373 ille
734 1293 861 1352 autem
888 1279 929 1351 in
961 1282 1095 1380 primis

78 1423 197 1497 quem
228 1398 268 1468 in
293 1395 544 1495 Sepulchreto
573 1395 822 1469 animadverti
844 1422 924 1472 non
954 1399 994 1469 in
1023 1399 1095 1472 bne

83 1513 240 1614 quidem
268 1514 457 1602 sectione,
480 1511 545 1586 sed
569 1513 609 1582 in
633 1536 676 1584 ea
700 1537 782 1610 quae
807 1513 1027 1588 inscribitur
1049 1516 1097 1588 de

85 1633 271 1706 cathano
287 1630 377 1728 (3),
395 1629 629 1730 descriptum
658 1632 778 1702 instar
801 1639 936 1706 vesica
959 1634 1096 1706 oblon-

78 1778 201 1850 με...
211 1775 295 1824 sero
302 1750 434 1849 plena
435 1803 508 1836 ......
519 1749 854 1837 membraaosce,....
867 1775 970 1852 soepe
985 1769 1096 1825 extra

83 1895 195 1944 nares
207 1866 492 1969 propendentir‚
496 1917 556 1937 .....
571 1890 656 1964 quae
672 1869 927 1940 evacuabatur
941 1870 1099 1942 subinde

68 1989 303 2074 ‘exstillante
315 2009 408 2058 seno.
430 1989 561 2087 Longe
580 1986 683 2092 enim
700 1985 773 2058 alia
787 2000 925 2058 natura
943 1988 1003 2060 his
1022 2004 1098 2078 est,
1197 2060 1201 2066 .

87 2109 233 2182 siinter
247 2129 359 2178 veros
375 2102 532 2203 quidem
550 2102 713 2204 polypos
740 2119 829 2177 sunt
854 2107 1098 2198 recensendi,

89 2249 128 2298 ac
146 2225 226 2298 illis
244 2225 311 2323 qui
323 2219 508 2296 exmedia
526 2221 629 2293 inter
649 2221 932 2320 glandulosam,
960 2239 998 2298 et
1015 2249 1098 2298 car·

90 2367 221 2418 cosam
236 2340 448 2416 nrbscantia
462 2337 571 2413 fiunt.
589 2340 677 2414 Dixi
691 2356 819 2414 autem
834 2343 864 2415 si
877 2343 978 2416 inter
988 2365 1099 2418 veros

90 2461 251 2560 polypos
273 2473 363 2540 sunt
386 2457 627 2548 recensendi,
651 2474 852 2558 propterea
878 2462 966 2558 qnia
990 2465 1099 2535 Mau·

91 2578 209 2652 charri
228 2577 287 2676 (4)
305 2598 466 2649 censura
481 2576 569 2667 illa,
585 2578 803 2649 membrana
820 2583 969 2650 nariam
978 2586 1099 2678 pinri-

92 2703 189 2770 toria
207 2697 384 2793 subjectis
405 2691 666 2792 phlegmatica
683 2695 886 2794 aliquoties
893 2699 985 2794 jam
995 2704 1098 2770 caci·

90 2812 181 2888 disse
197 2813 342 2913 (idest
360 2811 581 2912 prolapsum
602 2794 732 2912 passa)
743 2815 943 2888 observata
962 2832 1036 2907 est,
1055 2832 1101 2889 ut

91 2936 228 3028 ι’ςηανιζς
247 2936 554 3032 ἱνηρωιιενὶῳνο
563 2932 737 3032 polypo,
754 2935 795 3006 in
813 2935 961 3034 aliquos
975 2937 1098 3028 cadit,

93 3047 223 3124 sinon
242 3075 293 3122 er
313 3049 434 3122 modo
460 3050 686 3150 propositis,
704 3065 742 3123 at
763 3067 863 3124 certe
887 3074 933 3124 ex·
957 3051 1098 3126 horum

93 3189 167 3240 non
188 3168 459 3265 dissimillimis
479 3171 558 3242 Nec
574 3167 745 3242 eamdem
761 3193 919 3266 prorsus
934 3195 980 3242 ac
999 3176 1098 3246 veris

94 3286 238 3388 polypis
257 3301 434 3360 naturam
450 3283 563 3362 fuisse
581 3283 824 3360 manifestum
843 3303 919 3378 est,
937 3291 983 3364 iis
1000 3317 1098 3391 quos

132 3645 173 3724 (1)
195 3647 285 3703 Anat.
297 3647 340 3704 dn
351 3665 439 3724 corps
449 3647 551 3718 huna,
566 3665 599 3724 p.
612 3665 643 3720 o,
653 3655 693 3704 'cn
708 3655 743 3719 4,
755 3648 803 3706 ch·
817 3651 866 3718 1⁴.

131 3757 174 3839 (r)
193 3759 268 3820 Obs-
279 3763 370 3820 Anat.
388 3758 473 3822 chia
479 3803 489 3836 ,
500 3763 534 3820 6.

133 3872 174 3954 (3)
194 3877 230 3935 L.
247 3896 281 3951 1,
296 3877 326 3936 S.
343 3897 389 3954 17,
404 3878 542 3956 Append.
559 3897 572 3936 1
587 3877 627 3936 cd
638 3878 704 3937 obs.
721 3897 766 3937 ro.

135 3990 177 4071 (i)
196 3995 323 4056 Dissert.
336 3995 373 4056 dc
385 3985 498 4056 Hernie
510 3995 656 4056 incarcer-
668 4003 695 4056 c'.
709 4017 737 4056 2.
806 4059 808 4068 .
