2820 4662
137 429 208 476 am.
235 427 275 473 11.
302 423 350 472 na
374 417 511 470 nonius
534 415 729 484 monacas,
752 389 865 468 misr.
891 384 1093 500 xr111{,417
1186 451 1190 464 .

88 541 242 640 juncto,
257 537 410 609 latentia
421 533 546 606 adhuc
560 545 825 630 aneurysmnta
837 533 1093 630 conjiciamus.

91 657 202 750 Quod
226 680 316 728 vero
342 677 420 725 non
436 675 568 724 omnes
585 649 794 740 tubicines,
815 675 941 750 neque
964 679 1098 730 omnes

91 773 208 847 ferina
232 776 322 845 tussi
338 770 476 858 vexati,
494 767 565 842 hos
580 769 623 839 in
649 767 805 840 morbos
824 769 1012 860 incidant,
1032 787 1099 848 aut

90 889 237 964 firmior
247 913 422 962 vasorum
437 911 520 986 quae
530 887 627 958 circa
638 885 845 986 precordia
858 903 966 978 sunt,
979 904 1098 962 struc-

90 1026 173 1084 tura
186 1007 404 1098 efficit,'aut
418 1006 555 1092 levior,
568 1007 770 1104 minusque
786 1005 933 1081 assidua
946 1023 1101 1084 conten·

90 1128 162 1216 tio,
178 1143 294 1225 atque
308 1125 480 1224 agitati0‚
497 1139 561 1196 aut
578 1123 744 1233 denque
762 1125 887 1196 minor
900 1127 1102 1225 copiasan·

91 1246 236 1343 guinis,
253 1245 462 1342 meliorque
477 1241 669 1326 conditio,
689 1254 733 1314 ut
747 1240 800 1314 sic
816 1241 969 1316 adeam
983 1269 1101 1344 quem

86 1361 254 1450 diximus
272 1344 508 1437 causamaliae
523 1359 779 1435 distendentes
797 1377 863 1434 aut
878 1362 1103 1458 erodentes,

91 1503 170 1552 non
200 1481 394 1554 accedant.
429 1480 488 1550 Sic
518 1505 644 1578 neque
680 1476 858 1552 omnibus
889 1496 953 1552 aut
980 1475 1102 1558 ferina

91 1599 183 1672 tussi
200 1596 366 1685 affectis,¹
380 1612 445 1670 aut
465 1597 575 1684 tuba,
599 1596 736 1668 tibiave
752 1596 994 1684 canentibus,
1014 1602 1101 1696 pul·

91 1741 254 1788 monum
272 1718 381 1790 ulcus
399 1731 472 1803 est,
495 1728 560 1785 aut
576 1728 678 1784 arcta
697 1711 837 1786 horum
861 1713 910 1785 ad
927 1714 1101 1812 pleuram

92 1833 277 1918 adhaesio,
302 1834 475 1934 quamvis
497 1834 537 1902 in
558 1830 708 1914 duobus
732 1831 799 1928 qui
827 1845 1104 1907 consueverant

92 1951 284 2048 ejusmodi
304 1951 564 2025 instrumentis
580 1950 654 2038 uti,
668 1965 873 2046 utrumque
886 1948 1103 2046 deprehen·
1117 1993 1120 1998 ·

92 2067 222 2144 derint
238 2071 329 2142 clari
344 2071 416 2170 riri
429 2067 647 2164 Duisingius
660 2066 714 2164 (1)
727 2081 792 2152 ,et
809 2065 998 2140 Fabricius
1012 2069 1025 2164 (
1037 2095 1057 2140 a
1068 2071 1103 2165 ),

92 2188 161 2283 qui
179 2188 339 2260 attinere
356 2186 502 2258 censuit
520 2184 567 2255 ad
585 2208 785 2256 numerum
802 2184 1025 2282 augendum
1039 2209 1105 2259 eo·

90 2325 181 2373 rum
209 2301 452 2390 morborum,
476 2301 616 2400 quibus
638 2300 752 2396 hujus
773 2303 922 2400 generis
943 2302 1104 2380 artifices

90 2417 283 2491 obnoxios
303 2443 404 2506 esse,
431 2418 713 2502 nosternocujt
738 2421 982 2513 Ramazzinus
1008 2421 1102 2521 (ὅ),

91 2548 197 2606 recte
224 2535 287 2607 ille
313 2535 488 2634 quidem;
514 2535 580 2608 sed
604 2539 674 2625 sic,
710 2550 752 2608 ut
779 2537 872 2608 alios
900 2560 972 2634 pro
999 2541 1106 2626 vania,

94 2650 342 2750 dispositione
358 2653 438 2726 aliis
457 2665 501 2725 ex
521 2655 565 2726 iis
583 2653 727 2728 morbis
747 2656 863 2752 magis
888 2678 967 2728 esse
985 2677 1104 2758 expo*

94 2767 201 2856 sitos,
213 2794 470 2869 agnoscamus.
489 2775 543 2842 De
557 2772 714 2844 molesta
727 2787 872 2859 antem,
888 2772 1105 2872 ct'denique

94 2883 274 2985 impedita
290 2889 330 2960 in
350 2906 479 2960 nostro
496 2889 663 2960 tubicine
675 2888 1104 2986 deglutitione'repeten·

95 3003 176 3078 daa
196 3007 314 3093 mole,
338 3022 375 3079 et
401 3010 545 3108 positu,
566 3021 603 3078 et
628 3005 715 3078 sede
735 3010 1027 3104 aneurysmatis,
1050 3011 1104 3096 sin

96 3124 222 3218 gulam
249 3125 408 3196 nimium
438 3125 745 3221 comprimentis,
772 3148 859 3194 cum
885 3148 945 3194 res
971 3149 1039 3223 per
1065 3151 1104 3200 se

97 3239 291 3314 manifesta
304 3257 374 3330 est3
390 3257 469 3313 tum
487 3241 567 3312 aliis
581 3265 665 3337 quer
680 3239 792 3338 supra
808 3240 863 3337 (A)
876 3242 994 3338 posita
1004 3257 1103 3334 sunt,
1194 3235 1197 3245 ¹

99 3361 278 3459 exemplis
298 3359 554 3432 confirmatur.
574 3361 767 3430 Postremo
786 3357 892 3454 quod
908 3359 954 3429 ad
975 3359 1103 3436 sedem

98 3536 1092 3566 mm

136 3661 163 3742 (1
202 3666 364 3722 Commerc.
380 3663 450 3720 Litt.
466 3681 504 3718 an
524 3662 727 3732 1741,Hebd.
748 3667 801 3732 tt,
819 3681 849 3720 n.
868 3665 893 3722 i.

137 3763 167 3842 (a
203 3767 239 3821 In
250 3754 421 3839 Propempt.
434 3762 515 3820 edito
527 3763 657 3818 Helmst.
667 3779 714 3817 an.
730 3761 816 3832 1751.

138 3864 168 3943 (3

138 3963 169 4042 ii
204 3968 243 4025 N.
264 3986 298 4042 17
312 3978 341 4026 et
352 3966 449 4045 Epist.
462 3984 516 4040 17,
528 3985 560 4024 n.
573 3961 611 4022 25
624 3973 653 4024 et
664 3961 713 4024 26.

170 3765 183 3943 ζ
204 3866 331 3923 Diatrib.
345 3867 382 3922 de
399 3866 496 3922 Morb.
510 3863 598 3920 Artis.
614 3883 639 3918 c.
652 3863 687 3933 37
698 3904 706 3934 ,
717 3882 792 3926 vers.
805 3861 858 3922 fin.

174 4091 207 4138 a.
362 4161 364 4168 Ι
403 4165 407 4170 Ι
679 4109 683 4116 -
889 4084 933 4156 27
