2812 4660
276 442 348 518 388
441 469 487 514 ur
508 465 728 514 summanr
754 466 877 514 causrs
903 467 1114 516 nonnonuu

276 599 377 669 tum,
401 581 533 678 saepius
554 578 707 676 quidem
727 578 893 650 indicare
914 583 1115 654 ventriculi
1136 584 1277 658 dexteri

276 699 552 784 dilatationem
572 695 763 769 interdum
779 721 870 766 vero
886 721 964 767 non
983 697 1080 770 hanc
1094 701 1275 792 indicare,

276 817 339 890 sed
358 817 624 888 vitiumtamen
635 814 959 910 semperaliquod,
969 818 1077 911 cujus
1090 833 1157 890 aut
1171 821 1276 892 sedes

274 935 315 1004 in
336 934 434 1005 cavis
454 931 615 1004 dexteris
636 929 760 1002 cordis
782 932 829 1001 sit
838 984 852 1017 ‚.
876 944 939 1002 aut
960 929 1114 1005 effectus
1130 935 1181 1006 ad
1200 935 1277 1008 haec

275 1053 427 1124 attineat
451 1051 520 1136 sic,
544 1064 587 1119 ut
613 1048 821 1118 circumitio
841 1050 1032 1146 sanguinis
1055 1075 1125 1146 per
1149 1051 1277 1125 dexte-

276 1193 355 1248 ram
368 1161 492 1240 cordis
508 1179 652 1264 partem
672 1163 880 1236 secundum
893 1180 1064 1238 naturam
1072 1193 1153 1240 non
1163 1167 1280 1268 perii-³

276 1288 404 1358 ciatur.

329 1429 382 1474 11.
401 1401 450 1473 Ut
466 1425 556 1472 vero
572 1399 669 1472 bene
693 1415 844 1472 utamur
862 1402 970 1501 signo
991 1400 1089 1490 hoc,
1110 1405 1275 1500 primum

277 1521 446 1596 omnium
470 1518 675 1590 videndum
692 1532 764 1605 est,
786 1542 834 1588 ne
851 1516 950 1590 forte
967 1519 1174 1616 aliquando
1198 1548 1274 1594 non

274 1637 457 1736 pulsatio,
478 1634 542 1707 sed
561 1635 748 1732 turgentia
768 1634 938 1733 quaedam
953 1636 1097 1708 alterna
1112 1639 1159 1709 sit
1170 1640 1275 1738 jugo·

273 1757 407 1827 larium
438 1777 641 1839 venarum,
668 1751 839 1824 violentae
864 1754 1100 1852 inspirationi
1131 1759 1274 1854 expira-

273 1873 413 1946 tionive
442 1869 693 1968 respondens,
718 1869 886 1941 velutin
918 1896 963 1943 eo
996 1873 1273 1969 experimento,

215 1992 218 1997 ’
274 1990 378 2088 quod
387 1985 427 2060 in
439 1989 510 2060 alia
523 1987 570 2058 ad
586 2002 622 2058 te
637 1986 795 2085 epistola
808 1987 864 2086 (ι)
877 1988 1152 2062 describemus:
1168 1987 1272 2063 facile

273 2124 397 2180 autem
418 2107 487 2180 erit
503 2107 779 2193 internoscere,
801 2107 1270 2203 cuminspirationum‚an

272 2249 357 2296 oum
368 2223 546 2322 pulsuum
558 2245 717 2292 numero
731 2223 848 2320 magis
860 2238 1055 2319 congruat.
1073 2223 1233 2312 Deinde,
1242 2205 1270 2296 si

271 2343 435 2441 pulsatio
465 2364 594 2412 revera
622 2340 686 2425 sit,
713 2338 985 2410 attendendum
1011 2355 1066 2412 est
1095 2365 1145 2413 ne
1177 2338 1271 2412 forta

271 2485 353 2558 quoa
370 2459 591 2530 arteriarum
613 2455 822 2528 carotidum
841 2457 887 2528 sit
902 2457 1083 2554 pulsatio,
1106 2483 1190 2530 eam
1209 2484 1269 2530 ve·

270 2601 404 2650 narum
419 2574 648 2670 jugularium
664 2597 742 2646 esse
768 2573 974 2646 credamus.
995 2578 1081 2664 Quo
1097 2591 1266 2673 spectan-

267 2708 345 2764 tem
360 2690 513 2761 invenio
526 2688 657 2762 Galeni
674 2690 729 2786 (2)
742 2691 879 2762 locum.
900 2696 938 2760 V
936 2691 1085 2762 identur
1091 2745 1102 2780 ,
1120 2694 1248 2790 inquit
1257 2747 1267 2779 ,

269 2811 309 2880 in
328 2808 614 2882 vehementibus
632 2810 761 2906 capitis
779 2807 994 2898 doloribus,
1013 2825 1051 2880 et
1058 2818 1267 2907 praesertin

254 2929 333 3014 ‚ubi
360 2950 441 3000 cum
475 2926 592 2996 inulto
626 2925 817 2996 caliditate
836 2928 965 3022 fiunt,
992 2927 1211 3023 pulsantes,
1235 2941 1267 2998 at

267 3050 378 3143 quasi
394 3045 538 3116 vibrari
556 3047 763 3140 temporum
780 3067 899 3114 venae.
921 3046 1064 3139 Soepius
1084 3059 1211 3116 autem
1233 3057 1267 3114 et

267 3162 357 3232 colli
355 3161 571 3257 jugularios
580 3213 590 3244 ‚
600 3185 686 3258 quae
703 3157 878 3230 videlicet
892 3165 930 3229 in
946 3162 1141 3257 superficie
1154 3161 1263 3232 collo·

265 3293 415 3362 cantur,
436 3283 600 3348 motione
609 3276 745 3375 pulsai
762 3276 912 3348 cuidam
923 3301 999 3348 non
1012 3277 1262 3372 dmimiliagi·

265 3401 341 3466 tari
361 3393 532 3464 ordinans.
563 3393 721 3464 Videtur
744 3417 892 3490 quoque
915 3409 952 3464 et
976 3399 1013 3465 in
1038 3396 1260 3490 temporibus

264 3533 313 3580 ex
339 3511 610 3604 subjacentibus
643 3515 789 3580 arteriis
817 3516 933 3580 motio
965 3509 1158 3598 accidere,
1189 3535 1256 3606 quo

264 3643 429 3724 tempore
448 3625 524 3698 illae
541 3633 704 3698 maxime
719 3626 887 3723 pulsant.
912 3627 996 3698 Dixi
1017 3642 1166 3714 autem,
1186 3626 1256 3697 huc

269 3797 1246 3827 b-u———u—-ss———u——n—-nnn--a

300 3907 344 3986 (1)
363 3910 457 3984 Epist.
474 3927 526 3982 19,
541 3927 572 3962 n.
590 3908 625 3964 33
640 3919 669 3963 et
681 3908 730 3972 34.

261 4031 265 4038 ·
298 4008 343 4088 (o)
362 4011 399 4068 In
413 4007 573 4066 lProrhet.
589 4007 679 4083 Hipp.
693 4009 804 4064 Comm.
820 4007 897 4080 3,*n.
909 4027 939 4083 9.
952 4053 953 4058 ,
