2812 4660
172 441 241 487 ms.
269 440 309 488 11.
338 439 384 486 nn
410 435 546 485 nonus
571 417 1016 504 rnonscrs,nr1sr.'xv11.
1045 419 1116 520 329

107 555 221 627 batur
242 557 283 626 in
302 554 449 626 sinistra
471 553 635 626 thoracis
653 567 778 651 parte,
803 578 824 624 a
847 553 1001 628 flatuum
1020 558 1116 630 dun·

106 688 209 745 taxat
233 673 433 772 eruptione
459 673 716 761 mitescentes,
741 673 928 772 graviores
949 675 1118 750 redditos

107 795 224 866 sensit
255 792 327 864 hae
353 791 558 890 prasertim
587 790 722 888 hyeme
756 793 921 863 ineunte.
959 793 1118 867 Molesta

107 909 219 982 etiam
232 910 325 984 tussi
344 907 651 998 conflictabatur,
666 933 736 1006 per
756 933 870 1006 quam
889 909 1117 984 creberrime

107 1053 212 1100 nuno
236 1049 423 1117 scrotum,
454 1051 557 1098 nnnc
580 1025 795 1124 globosam,
825 1043 862 1099 et
887 1032 1116 1128 compactio-

105 1169 187 1219 rem
213 1143 420 1243 exspuebat
440 1146 644 1216 materiam.
666 1150 711 1215 In
731 1147 976 1220 concitatiore
998 1163 1118 1240 motu,

106 1266 211 1364 gravi
229 1263 503 1362 corripiebatur
522 1264 789 1361 respiratione,
809 1289 951 1363 eoque,
972 1265 1019 1338 de
1038 1291 1116 1364 quo

105 1385 287 1471 diximus,
309 1382 474 1454 thoracis
492 1382 645 1471 dolore,
665 1383 872 1480 aliquando
896 1385 1005 1457 etiam
1031 1409 1117 1458 corn

104 1503 162 1574 dis
189 1502 453 1600 palpitatione,
480 1497 530 1573 ob
558 1523 641 1599 quae
667 1501 870 1574 subsistere
898 1504 1115 1601 cogebatur.

104 1620 271 1694 Tandem
291 1623 343 1690 ΙΙΙ
357 1643 479 1692 nonas
491 1620 652 1716 januarii
667 1620 783 1716 panio
804 1634 891 1690 ante
908 1619 984 1691 diei
1000 1621 1116 1693 finem

106 1738 273 1838 quodam
299 1739 414 1808 animi
440 1738 547 1834 quasi
572 1736 740 1834 deliquio
765 1737 932 1835 capitur,
957 1741 1116 1837 copioso

105 1854 299 1954 sanguinis
316 1867 445 1955 sputo,
461 1851 753 1953 gravissimaque
768 1855 1015 1952 respiratione
1030 1879 1117 1926 cnm

105 1989 274 2048 stertere.
302 1979 332 2045 Α
357 1997 461 2045 vena
489 1972 655 2044 sectione
686 1973 784 2042 circa
805 1972 965 2070 primam
993 1975 1117 2046 noctis

105 2093 240 2164 horam
265 2093 344 2164 hac
363 2093 585 2180 mitescunt,
610 2091 811 2190 superstite
838 2089 961 2161 solum
982 2091 1115 2164 dolore

105 2212 213 2310 quasi
227 2225 418 2310 pangente
437 2210 575 2283 sinistri
588 2209 728 2297 lateris,
740 2209 778 2277 in
797 2207 921 2306 quod,
940 2209 1012 2280 nisi
1028 2211 1115 2280 cum

105 2330 293 2418 molestia,
310 2326 446 2400 cubare
468 2351 546 2398 non
568 2339 717 2425 poterat
737 2351 745 2395 :
767 2325 995 2424 pulsus‘erat
1010 2325 1115 2398 debi-

104 2447 164 2536 lis,
190 2468 315 2534 rarus,
333 2445 470 2534 durus,
487 2443 678 2534 vibratus,
696 2465 775 2514 non
796 2465 890 2542 sape
910 2443 1114 2542 inaequalis.

103 2561 1116 2664 Horaquinta,prioraillarecrudescuntsymptomata,

103 2699 305 2756 resonante
316 2695 475 2755 stertere
486 2735 496 2771 ,
509 2695 547 2753 et
563 2682 716 2752 materia
733 2679 817 2751 alba
835 2694 949 2778 sputo
970 2681 1115 2779 sangui·

103 2823 178 2882 neo
198 2802 386 2900 permista.
408 2803 497 2872 Post
513 2799 662 2871 mitiora
680 2796 886 2896 aliquando
906 2796 1017 2885 finnt,
1046 2798 1114 2868 do-

103 2943 175 2991 nec
188 2917 283 2990 hora
298 2918 460 3007 decima,
476 2931 635 2990 stertere
650 2931 688 2988 et
705 2930 817 3014 sputo
835 2915 1113 3002 desinentibus,

105 3057 171 3109 ore
196 3037 341 3128 hiante,
364 3037 471 3136 quasi
486 3057 611 3107 aerem
627 3033 832 3106 identidem
848 3045 1038 3130 captaret,
1058 3049 1113 3104 est

93 3169 289 3229 mortuus.

151 3276 251 3344 Dnm
270 3272 407 3344 thorax
422 3268 681 3370 aperiebatur,
699 3289 745 3342 ex
764 3267 915 3339 sinistro
930 3265 1044 3364 hujus
1054 3291 1110 3339 ca-

101 3416 150 3462 ro
173 3390 349 3489 prosiluit
369 3411 512 3479 serum,
541 3411 637 3486 quo,
665 3401 703 3458 et
723 3401 902 3458 concreto
930 3388 1111 3485 sanguine

102 3523 224 3582 totum
240 3509 280 3580 id
297 3531 429 3580 cavum
445 3507 633 3606 repletum
643 3521 741 3592 erat,
757 3503 874 3577 altero
886 3501 1009 3577 illoeso.
1026 3505 1111 3576 Pul-

102 3649 237 3699 mones
249 3649 384 3725 parum
399 3625 446 3700 ab
458 3625 621 3698 naturali
632 3621 862 3695 recedebant
875 3624 1110 3725 constitutio-

102 3769 150 3818 ne
173 3774 181 3816 :
204 3746 328 3818 solum
354 3747 454 3818 cirea
473 3741 677 3833 bronchia,
699 3745 806 3840 nigra
837 3741 1110 3814 animadverte-

101 3862 243 3936 bantur
267 3887 448 3962 corpora,
471 3859 578 3960 qnasi
607 3861 801 3959 glandulae.
826 3866 871 3932 In
898 3857 1110 3958 pericardio

100 3996 176 4056 tres
188 3984 262 4056 seri
276 3984 414 4054 unciae:
430 3983 468 4052 in
484 3980 609 4054 cordis
623 3980 842 4052 ventriculis
851 3977 1002 4074 sanguis
1012 3975 1111 4046 dun-
