2832 4662
80 525 83 536 ,
173 469 241 516 mn.
268 467 309 513 11.
337 465 383 512 oa
408 457 546 511 nonnis
570 459 906 525 rnonacrs,er1sr.
932 465 991 510 xx.
1021 439 1091 539 589

85 583 340 682 reperiuntur,
356 573 676 674 quemadmodum
693 575 732 644 in
752 573 823 646 hac
839 577 1000 672 epistola
1017 579 1090 678 (1),

85 703 126 771 in
145 699 300 794 aliisque
317 693 370 793 (α)
381 693 666 790 descripsimus,
684 705 721 762 et
735 691 1002 766 describemus.
1017 699 1099 768 Sci·¹

85 817 173 887 licet
181 812 285 911 quod
296 835 366 912 ego
376 809 478 898 alibi,
486 808 655 881 Valsalva
663 813 788 880 autem
799 810 909 880 etiam
918 811 1091 908 supra(3)

85 930 356 1018 diserte'dixit,
381 953 426 1002 ex
452 941 627 998 concreta
655 923 751 997 fiunt
777 926 955 1023 portione
983 926 1092 1001 effusi

85 1051 170 1124 seri.
190 1049 360 1145 Namque
379 1059 422 1116 ut
437 1043 743 1116 membranarum
761 1043 846 1143 pori
867 1046 1004 1142 magis,
1027 1061 1091 1119 aut

83 1169 211 1248 minus
228 1164 279 1236 ob
296 1187 357 1236 eas
377 1185 504 1236 causas
524 1185 605 1261 quae
624 1162 737 1261 paulo
750 1176 835 1234 ante
850 1160 903 1260 (4)
919 1163 1096 1236 indicatae.

84 1297 195 1372 sunt,
214 1283 436 1370 dilatantur,
452 1282 503 1354 ita
519 1304 606 1352 cum
622 1305 706 1353 sero
713 1278 864 1378 plures,
881 1283 1094 1376 pauciores·

83 1428 150 1490 ve,
179 1399 377 1472 crassiores
408 1411 472 1469 aut
499 1398 708 1486 tenuiores,
736 1419 818 1492 quae
838 1397 1098 1485 {concrescere

83 1511 249 1620 possint,
267 1515 460 1613 particulae
477 1509 747 1599 effunduntur,
771 1535 894 1610 eoque
907 1519 1028 1588 varias
1041 1519 1097 1594 is-‚

83 1653 141 1720 tas
160 1634 420 1708 concretiones
432 1644 525 1702 tunc
539 1628 764 1728 praesertim,
781 1642 824 1698 ut
838 1629 993 1725 opinor,
1011 1629 1091 1704 effi-

84 1757 208 1843 ciunt,
232 1777 319 1825 cum
342 1746 558 1848 languidior
583 1742 701 1816 faetus
718 1743 864 1834 cordis,
887 1759 925 1817 et
940 1746 1092 1843 pulmo-

83 1897 197 1960 num,
222 1886 260 1943 et
286 1867 420 1942 caloris
446 1867 564 1964 ipsius
590 1879 735 1952 motus,
766 1877 804 1934 et
822 1860 995 1961 denique·
1004 1880 1092 1963 post

83 2004 247 2063 mortem
263 1987 421 2061 omnino
436 2007 598 2071 cessans,
617 2006 743 2054 serum
754 1982 832 2077 jam
852 1981 1001 2072 minus,
1024 1998 1089 2056 aut

83 2106 181 2177 nihil
199 2107 330 2204 agitat,
348 2125 491 2198 easque
502 2102 602 2180 inter
619 2123 658 2172 se
675 2097 877 2197 implicari,
897 2100 1088 2174 autetiam

84 2223 226 2323 deponi
244 2219 445 2320 particulas
469 2219 565 2290 sinit.
589 2219 712 2314 ¹Atque
741 2215 820 2286 haec
848 2217 1091 2315 scripseram,

84 2364 172 2410 cum
183 2338 279 2412 forte
294 2337 410 2410 incidi
424 2338 464 2407 in
482 2327 707 2436 opusculum
721 2335 792 2406 viri
805 2333 921 2423 docti,
937 2337 1003 2432 qui
1016 2337 1088 2408 cir-

85 2478 129 2526 ca
145 2455 331 2552 ejusmodi
342 2455 602 2527 concretiones
624 2453 732 2552 plura
741 2453 964 2551 experiens,
991 2455 1087 2550 ejus·

83 2571 172 2645 dem
186 2573 434 2664 aeValsalva,
462 2588 499 2646 et
517 2579 606 2672 ego',
629 2585 769 2643 naturae
796 2571 1087 2660 existimatpsed

82 2690 123 2759 in
143 2690 391 2788 explicatione
407 2705 450 2764 ut
465 2689 635 2790 quaedam
654 2688 769 2766 habet
782 2689 822 2761 in
839 2687 977 2786 quibus
994 2713 1087 2761 con-

83 2809 272 2898 venimus,
289 2812 341 2881 sic
360 2824 398 2880 et
414 2810 485 2880 alia
502 2809 665 2881 vicissim
681 2808 718 2876 in
741 2806 881 2903 quibus
898 2804 1086 2906 discrepa-

82 2948 188 3012 mus,
208 2924 420 3019 cujusmodi
438 2938 564 2994 tamen
579 2922 632 2994 de·
647 2921 762 2992 rebus
779 2943 851 3018 ego
867 2923 1022 3017 quidem
1041 2925 1087 2995 li-

83 3043 219 3116 benter
236 3067 316 3114 non
332 3043 436 3115 soleo
453 3041 654 3142 disputare.
671 3037 772 3109 Illud
787 3038 915 3135 potius
939 3037 1083 3128 dicam,

83 3160 181 3232 nihil
202 3159 370 3233 crebrius
386 3175 517 3233 contra
533 3173 646 3255 atque
663 3158 744 3254 ipse
757 3155 907 3225 videtur
920 3154 1085 3244 credere,

84 3303 200 3380 quam
227 3276 436 3351 istiusmodi
467 3275 727 3348 concretiones
755 3295 975 3360 occurrere,
998 3297 1086 3343 cum

84 3419 213 3468 serum
228 3397 268 3466 in
287 3396 460 3484 thorace,
479 3408 543 3465 aut
555 3390 766 3492 pericardio
780 3387 943 3460 multum
956 3388 1086 3489 deprc'-

142 3711 171 3788 1)
190 3713 229 3770 N.
249 3729 305 3782 so,
320 3711 373 3782 30,
391 3709 439 3768 32.
540 3727 543 3738 ·

138 3809 170 3887 a)
189 3810 285 3886 Epist.
302 3810 353 3884 16,
369 3829 401 3866 n.
420 3827 473 3882 17,
487 3808 540 3879 30,
557 3806 611 3880 3⁸,
626 3817 656 3863 et
670 3805 770 3884 Epist·
780 3821 844 3880 seq.
855 3813 885 3860 et
894 3802 970 3860 ahu

142 3909 173 3986 3)
192 3911 231 3968 N.
248 3910 297 3968 30.
