2842 4672
311 455 357 540 8'8
473 477 692 535 nrssonns
717 485 761 534 rr
785 481 909 538 causis
935 482 1145 544 uorsonnu

311 604 434 688 siisse,
456 624 544 671 cum
570 624 615 672 ex
641 600 703 671 illa
729 625 820 674 aure
845 587 974 676 musca
995 608 1173 697 evolavit,
1199 577 1318 708 quam
1398 645 1399 698 5

311 717 417 818 quod
437 717 588 789 videtur
606 717 827 806 credidisse,
852 743 934 792 eam
960 747 1127 795 muscam
1144 739 1226 796 toto
1247 726 1318 798 illo
1398 741 1399 754 ¹

309 853 482 936 tempore
501 834 688 910 inhaesisse
709 836 749 906 in
772 837 958 910 auditorio
975 845 1317 920 meatu.·Caeterum

309 953 357 1027 ad
379 953 606 1025 vermiculos
632 977 676 1024 ex
703 955 803 1026 auris
827 956 1082 1053 penetralibus
1106 957 1315 1057 abigendos
1399 956 1400 1012 ἕ

309 1072 517 1173 plurimum
538 1067 694 1142 fortasse
709 1085 836 1168 posset
853 1071 1074 1146 idonearum
1098 1099 1224 1147 rerum
1251 1073 1315 1148 fu-

311 1213 396 1262 mus
418 1190 470 1260 sic
492 1211 558 1258 ore
578 1188 785 1285 prolectus,
815 1203 852 1262 et
870 1214 938 1288 per
957 1191 1234 1264 eustachianam
1249 1208 1315 1266 tu·

311 1307 399 1380 bam
414 1307 454 1376 in
472 1329 620 1377 caveam
643 1307 812 1405 tympani
828 1309 1064 1407 compulsus,
1084 1321 1125 1384 ut
1145 1310 1234 1382 alias
1254 1311 1319 1408 (ι)

304 1423 529 1510 memoravi,
540 1424 685 1495 tametsi
698 1437 790 1494 tunc
804 1421 852 1495 de
865 1424 1056 1498 vermibus
1068 1450 1112 1496 ex
1123 1426 1187 1498 illa
1200 1419 1315 1498 cavea

314 1540 551 1615 eliminandis
564 1565 634 1639 per
640 1540 899 1612 membranam
911 1543 1097 1640 tympani,
1107 1543 1185 1639 jam
1198 1543 1245 1614 ab
1258 1545 1315 1642 ip·
1400 1545 1401 1556 ²

314 1660 364 1732 sis
381 1681 545 1746 erosam,
563 1656 658 1727 nihil
674 1658 769 1745 dixi3
787 1664 929 1756 quippe
946 1683 1033 1730 cum
1053 1661 1246 1733 institutus
1261 1659 1319 1731 ibi

315 1799 439 1850 sermo
460 1775 559 1846 hanc
579 1778 628 1847 ita
646 1775 796 1848 illaesam
809 1777 1040 1872 requireret,
1055 1791 1096 1848 ut
1113 1793 1240 1876 posset
1258 1804 1318 1850 re-

313 1893 431 1983 silire,
449 1893 668 1990 aeremque,
688 1894 799 1964 etiarn
820 1891 1063 1980 medicatum,
1080 1895 1146 1990 qui
1164 1893 1254 1966 illuc
1271 1919 1319 1967 ex

306 2032 379 2086 'ore
389 2068 399 2104 ,
411 2001 551 2098 labris,
568 2010 801 2108 naribusque
812 2012 1051 2108 compressis,
1063 2033 1131 2108 per
1143 2013 1243 2083 viam
1254 2027 1318 2084 tu·

312 2129 370 2202 bae
389 2128 697 2229 compelleretur,
714 2153 801 2200 mox
821 2153 891 2227 per
909 2127 1079 2200 eamdem
1091 2130 1188 2200 viam
1201 2145 1319 2202 retro-

306 2249 475 2349 ‘pellere,
491 2249 537 2319 ad
552 2250 723 2333 noxiam,
738 2261 952 2345 congestam
971 2248 1012 2317 iu
1029 2261 1227 2345 tympano,
1242 2271 1315 2318 ma·

294 2367 445 2438 teriam
464 2365 755 2465 expurgandam.
775 2369 866 2456 Quae
884 2389 971 2438 cum
990 2363 1189 2462 relegeris,
1201 2364 1316 2436 velim
1402 2427 1403 2444 ,

306 2482 519 2567 'existimes
548 2481 640 2578 quid
661 2481 813 2553 tandem
839 2479 975 2552 habeat
992 2482 1080 2552 novi
1099 2480 1249 2570 eadem,
1271 2495 1315 2555 ut
1402 2471 1403 2474 ¹

314 2598 410 2669 mihi
420 2596 574 2695 quidem
586 2598 746 2688 videtur,
759 2597 935 2671 medendi
948 2599 1057 2686 ratio,
1069 2622 1152 2695 quae
1168 2600 1207 2669 in
1226 2622 1312 2696 per·

313 2715 421 2788 brevi
432 2717 598 2815 quodam
611 2717 991 2816 medico-chirurgico
1004 2717 1145 2814 scripto
1156 2731 1244 2815 post
1253 2741 1318 2788 an-

315 2857 386 2908 uos
399 2837 596 2934 proposita
608 2851 674 2910 est.
691 2835 823 2928 Sedlad
837 2837 906 2907 alia
917 2836 1118 2908 veniamus.

365 2954 397 3025 8.
411 2953 631 3027 Observatio
646 2980 728 3053 quae
740 2956 801 3027 hic
811 2956 851 3024 iu
861 2952 1109 3052 Sepulchreto
1119 2953 1218 3024 estII
1232 2975 1318 3049 per·

316 3071 475 3169 legenda
489 3086 614 3152 autem
632 3089 718 3145 sect.
729 3077 765 3142 II
784 3072 853 3144 sub
866 3073 1085 3173 uum7L1113
1100 3069 1163 3140 illa
1178 3093 1317 3167 nempe

312 3189 460 3288 estqu'ae
469 3195 670 3290 aVerneyo
684 3190 739 3289 (a)
753 3187 1176 3290 laudatur.‚Etsaneipsa
1188 3200 1318 3259 osten-

308 3305 727 3397 ·dit,increscenteinter
735 3306 933 3381 cerebrum
943 3322 980 3379 et
988 3305 1215 3379 cerebellum
1224 3319 1317 3378 stea-

314 3437 475 3514 tomate,
491 3427 792 3525 compressisque
807 3419 973 3525 primum
989 3424 1123 3523 opticis
1135 3424 1263 3496 nervis
1271 3420 1320 3504 ad,

317 3540 521 3638 originem,
545 3558 625 3616 tum
639 3543 817 3639 subjectis
831 3543 1021 3630 acusticis,
1040 3541 1204 3638 denique
1217 3540 1316 3627 aliis,

245 3661 249 3668 “
317 3661 543 3737 amaurosim
560 3662 743 3759 primum,
761 3661 848 3733 dein
862 3659 1101 3749 surditatem,
1116 3656 1318 3730 novissime

355 3944 400 4023 (r)
421 3946 514 4022 Epist.
529 3946 618 4002 Anat.
634 3963 669 4016 7,
684 3965 716 4003 n.
734 3953 780 4014 τά.

357 4043 400 4122 (a)
421 4048 522 4106 Trect.
539 4056 569 4105 et
579 4047 668 4104 Parte
676 4047 730 4104 cit.
747 4062 853 4122 supra,
868 4065 899 4102 n.
918 4065 944 4102 a.
