<?xml version="1.0" encoding="UTF-8"?>
<!DOCTYPE html PUBLIC "-//W3C//DTD XHTML 1.0 Transitional//EN"
    "http://www.w3.org/TR/xhtml1/DTD/xhtml1-transitional.dtd">
<html xmlns="http://www.w3.org/1999/xhtml" xml:lang="en" lang="en">
 <head>
  <title>
</title>
<meta http-equiv="Content-Type" content="text/html;charset=utf-8" />
  <meta name='ocr-system' content='tesseract 3.04.00' />
  <meta name='ocr-capabilities' content='ocr_page ocr_carea ocr_par ocr_line ocrx_word'/>
</head>
<body>
  <div class='ocr_page' id='page_1' title='image "./desedibusetcaus00chaugoog_0209.png"; bbox 0 0 2750 4658; ppageno 0'>
   <div class='ocr_carea' id='block_1_1' title="bbox 287 403 1124 480">
    <p class='ocr_par' dir='ltr' id='par_1_1' title="bbox 287 403 1124 480">
     <span class='ocr_line' id='line_1_1' title="bbox 287 403 1124 480; baseline -0.01 0"><span class='ocrx_word' id='word_1_1' title='bbox 287 403 357 480; x_wconf 75' lang='lat'>208</span> <span class='ocrx_word' id='word_1_2' title='bbox 452 423 499 470; x_wconf 83' lang='lat' dir='ltr'>nr</span> <span class='ocrx_word' id='word_1_3' title='bbox 525 419 670 469; x_wconf 78' lang='lat' dir='ltr'>sununs</span> <span class='ocrx_word' id='word_1_4' title='bbox 695 419 740 466; x_wconf 83' lang='lat' dir='ltr'>rr</span> <span class='ocrx_word' id='word_1_5' title='bbox 765 417 889 469; x_wconf 72' lang='lat' dir='ltr'>crusis</span> <span class='ocrx_word' id='word_1_6' title='bbox 914 419 1124 474; x_wconf 74' lang='lat' dir='ltr'>marronam</span> 
     </span>
    </p>
   </div>
   <div class='ocr_carea' id='block_1_2' title="bbox 280 533 1354 3584">
    <p class='ocr_par' dir='ltr' id='par_1_2' title="bbox 285 533 1354 1202">
     <span class='ocr_line' id='line_1_2' title="bbox 286 533 1351 640; baseline 0.002 -27"><span class='ocrx_word' id='word_1_7' title='bbox 286 545 367 640; x_wconf 87' lang='lat' dir='ltr'>ejus</span> <span class='ocrx_word' id='word_1_8' title='bbox 380 536 498 610; x_wconf 90' lang='lat' dir='ltr'>verbo</span> <span class='ocrx_word' id='word_1_9' title='bbox 510 551 606 619; x_wconf 80' lang='lat' dir='ltr'>utar,</span> <span class='ocrx_word' id='word_1_10' title='bbox 617 538 871 604; x_wconf 79' lang='lat' dir='ltr'>tartartzatos.</span> <span class='ocrx_word' id='word_1_11' title='bbox 886 533 1055 610; x_wconf 81' lang='lat' dir='ltr'><strong>Thorace</strong></span> <span class='ocrx_word' id='word_1_12' title='bbox 1069 541 1121 611; x_wconf 85' lang='lat' dir='ltr'>sic</span> <span class='ocrx_word' id='word_1_13' title='bbox 1133 555 1273 615; x_wconf 77' lang='lat' dir='ltr'>mortue</span> <span class='ocrx_word' id='word_1_14' title='bbox 1350 555 1351 560; x_wconf 78' lang='grc'>’</span> 
     </span>
     <span class='ocr_line' id='line_1_3' title="bbox 285 611 1354 760; baseline -0.002 -26"><span class='ocrx_word' id='word_1_15' title='bbox 285 673 437 760; x_wconf 84' lang='lat' dir='ltr'>aperto,</span> <span class='ocrx_word' id='word_1_16' title='bbox 459 655 583 726; x_wconf 82' lang='lat' dir='ltr'>statim</span> <span class='ocrx_word' id='word_1_17' title='bbox 603 677 646 724; x_wconf 84' lang='lat' dir='ltr'>ac</span> <span class='ocrx_word' id='word_1_18' title='bbox 671 649 794 722; x_wconf 90' lang='lat' dir='ltr'>culter</span> <span class='ocrx_word' id='word_1_19' title='bbox 817 652 1066 750; x_wconf 86' lang='lat' dir='ltr'>pulmonibus</span> <span class='ocrx_word' id='word_1_20' title='bbox 1087 645 1274 755; x_wconf 85' lang='lat' dir='ltr'>impressus</span> <span class='ocrx_word' id='word_1_21' title='bbox 1349 611 1354 720; x_wconf 60' lang='lat' dir='ltr'>i</span> 
     </span>
     <span class='ocr_line' id='line_1_4' title="bbox 285 769 1275 861; baseline 0 -11"><span class='ocrx_word' id='word_1_22' title='bbox 285 791 362 861; x_wconf 85' lang='lat' dir='ltr'>est,</span> <span class='ocrx_word' id='word_1_23' title='bbox 387 774 525 846; x_wconf 90' lang='lat' dir='ltr'>borum</span> <span class='ocrx_word' id='word_1_24' title='bbox 551 769 711 856; x_wconf 88' lang='lat' dir='ltr'>stridor,</span> <span class='ocrx_word' id='word_1_25' title='bbox 736 793 815 838; x_wconf 90' lang='lat' dir='ltr'>non</span> <span class='ocrx_word' id='word_1_26' title='bbox 840 793 946 842; x_wconf 87' lang='lat' dir='ltr'>secus</span> <span class='ocrx_word' id='word_1_27' title='bbox 973 795 1017 843; x_wconf 81' lang='lat' dir='ltr'>ac</span> <span class='ocrx_word' id='word_1_28' title='bbox 1043 774 1074 846; x_wconf 91' lang='lat' dir='ltr'>si</span> <span class='ocrx_word' id='word_1_29' title='bbox 1095 798 1275 850; x_wconf 84' lang='lat' dir='ltr'>arenaceas</span> 
     </span>
     <span class='ocr_line' id='line_1_5' title="bbox 286 885 1354 989; baseline 0 -23"><span class='ocrx_word' id='word_1_30' title='bbox 286 893 549 966; x_wconf 87' lang='lat' dir='ltr'>concretiones</span> <span class='ocrx_word' id='word_1_31' title='bbox 561 885 801 976; x_wconf 89' lang='lat' dir='ltr'>discinderet,</span> <span class='ocrx_word' id='word_1_32' title='bbox 812 887 994 986; x_wconf 83' lang='lat' dir='ltr'>Malpigbi</span> <span class='ocrx_word' id='word_1_33' title='bbox 1006 889 1215 989; x_wconf 86' lang='lat' dir='ltr'>diagnosim</span> <span class='ocrx_word' id='word_1_34' title='bbox 1225 919 1276 967; x_wconf 83' lang='lat' dir='ltr'>re·</span> <span class='ocrx_word' id='word_1_35' title='bbox 1353 899 1354 920; x_wconf 77' lang='lat'>³</span> 
     </span>
     <span class='ocr_line' id='line_1_6' title="bbox 285 997 1354 1112; baseline 0.001 -29"><span class='ocrx_word' id='word_1_36' title='bbox 285 1035 367 1084; x_wconf 83' lang='lat' dir='ltr'>ram</span> <span class='ocrx_word' id='word_1_37' title='bbox 385 1007 566 1094; x_wconf 84' lang='lat' dir='ltr'><strong>ostendit,</strong></span> <span class='ocrx_word' id='word_1_38' title='bbox 584 1029 698 1103; x_wconf 88' lang='lat' dir='ltr'>quam</span> <span class='ocrx_word' id='word_1_39' title='bbox 722 1019 760 1078; x_wconf 89' lang='lat' dir='ltr'>et</span> <span class='ocrx_word' id='word_1_40' title='bbox 776 997 994 1079; x_wconf 83' lang='lat' dir='ltr'>continuata</span> <span class='ocrx_word' id='word_1_41' title='bbox 1014 1006 1190 1082; x_wconf 88' lang='lat' dir='ltr'>dissectio</span> <span class='ocrx_word' id='word_1_42' title='bbox 1211 1014 1277 1112; x_wconf 83' lang='lat' dir='ltr'>pla-</span> <span class='ocrx_word' id='word_1_43' title='bbox 1352 1021 1354 1070; x_wconf 76' lang='lat'><strong>¹</strong></span> 
     </span>
     <span class='ocr_line' id='line_1_7' title="bbox 286 1122 701 1202; baseline -0.024 0"><span class='ocrx_word' id='word_1_44' title='bbox 286 1131 439 1202; x_wconf 88' lang='lat' dir='ltr'>nissime</span> <span class='ocrx_word' id='word_1_45' title='bbox 455 1122 701 1198; x_wconf 84' lang='lat' dir='ltr'>confirmavit.</span> 
     </span>
    </p>

    <p class='ocr_par' dir='ltr' id='par_1_3' title="bbox 280 1241 1354 3228">
     <span class='ocr_line' id='line_1_8' title="bbox 338 1241 1279 1339; baseline 0 -21"><span class='ocrx_word' id='word_1_46' title='bbox 338 1245 394 1318; x_wconf 81' lang='lat'>26.</span> <span class='ocrx_word' id='word_1_47' title='bbox 423 1243 507 1314; x_wconf 91' lang='lat' dir='ltr'>Dici</span> <span class='ocrx_word' id='word_1_48' title='bbox 530 1265 608 1313; x_wconf 92' lang='lat' dir='ltr'>non</span> <span class='ocrx_word' id='word_1_49' title='bbox 633 1251 760 1339; x_wconf 89' lang='lat' dir='ltr'>potest</span> <span class='ocrx_word' id='word_1_50' title='bbox 783 1253 926 1338; x_wconf 86' lang='lat' dir='ltr'>quanta</span> <span class='ocrx_word' id='word_1_51' title='bbox 953 1241 1201 1318; x_wconf 84' lang='lat' dir='ltr'>admiratione</span> <span class='ocrx_word' id='word_1_52' title='bbox 1225 1270 1279 1318; x_wconf 84' lang='lat' dir='ltr'>ex·</span> 
     </span>
     <span class='ocr_line' id='line_1_9' title="bbox 288 1343 1280 1461; baseline 0 -25"><span class='ocrx_word' id='word_1_53' title='bbox 288 1378 397 1461; x_wconf 82' lang='lat' dir='ltr'>cepta</span> <span class='ocrx_word' id='word_1_54' title='bbox 413 1359 526 1433; x_wconf 85' lang='lat' dir='ltr'>fuerit</span> <span class='ocrx_word' id='word_1_55' title='bbox 546 1358 721 1431; x_wconf 83' lang='lat' dir='ltr'>dissectio</span> <span class='ocrx_word' id='word_1_56' title='bbox 740 1343 819 1430; x_wconf 87' lang='lat' dir='ltr'>baec</span> <span class='ocrx_word' id='word_1_57' title='bbox 837 1357 886 1431; x_wconf 85' lang='lat' dir='ltr'>ab</span> <span class='ocrx_word' id='word_1_58' title='bbox 908 1359 952 1436; x_wconf 88' lang='lat' dir='ltr'>iis</span> <span class='ocrx_word' id='word_1_59' title='bbox 972 1362 1040 1459; x_wconf 91' lang='lat' dir='ltr'>qui</span> <span class='ocrx_word' id='word_1_60' title='bbox 1058 1377 1167 1436; x_wconf 84' lang='lat' dir='ltr'>antea</span> <span class='ocrx_word' id='word_1_61' title='bbox 1187 1363 1280 1436; x_wconf 83' lang='lat' dir='ltr'>audi-</span> 
     </span>
     <span class='ocr_line' id='line_1_10' title="bbox 287 1475 1354 1581; baseline 0.002 -28"><span class='ocrx_word' id='word_1_62' title='bbox 287 1495 419 1554; x_wconf 84' lang='lat' dir='ltr'>verant</span> <span class='ocrx_word' id='word_1_63' title='bbox 447 1503 492 1551; x_wconf 86' lang='lat' dir='ltr'>ex</span> <span class='ocrx_word' id='word_1_64' title='bbox 520 1475 718 1550; x_wconf 85' lang='lat' dir='ltr'>Albertino</span> <span class='ocrx_word' id='word_1_65' title='bbox 751 1477 970 1574; x_wconf 85' lang='lat' dir='ltr'>conjectura</span> <span class='ocrx_word' id='word_1_66' title='bbox 1000 1478 1208 1581; x_wconf 83' lang='lat' dir='ltr'>Malpigbii.</span> <span class='ocrx_word' id='word_1_67' title='bbox 1231 1481 1280 1554; x_wconf 80' lang='lat' dir='ltr'>Ad</span> <span class='ocrx_word' id='word_1_68' title='bbox 1353 1497 1354 1554; x_wconf 74' lang='lat' dir='ltr'>l</span> 
     </span>
     <span class='ocr_line' id='line_1_11' title="bbox 288 1593 1281 1700; baseline -0.002 -30"><span class='ocrx_word' id='word_1_69' title='bbox 288 1623 404 1698; x_wconf 88' lang='lat' dir='ltr'>quam</span> <span class='ocrx_word' id='word_1_70' title='bbox 438 1598 517 1696; x_wconf 87' lang='lat' dir='ltr'>ipse</span> <span class='ocrx_word' id='word_1_71' title='bbox 555 1593 715 1693; x_wconf 82' lang='lat' dir='ltr'>perduci</span> <span class='ocrx_word' id='word_1_72' title='bbox 750 1593 943 1692; x_wconf 81' lang='lat' dir='ltr'>probabili</span> <span class='ocrx_word' id='word_1_73' title='bbox 974 1599 1126 1672; x_wconf 82' lang='lat' dir='ltr'>&#39;ratione</span> <span class='ocrx_word' id='word_1_74' title='bbox 1168 1602 1281 1700; x_wconf 90' lang='lat' dir='ltr'>potuit</span> 
     </span>
     <span class='ocr_line' id='line_1_12' title="bbox 287 1671 1354 1819; baseline 0.002 -29"><span class='ocrx_word' id='word_1_75' title='bbox 287 1741 374 1790; x_wconf 86' lang='lat' dir='ltr'>cum</span> <span class='ocrx_word' id='word_1_76' title='bbox 390 1715 493 1813; x_wconf 76' lang='lat' dir='ltr'>signa</span> <span class='ocrx_word' id='word_1_77' title='bbox 514 1727 654 1786; x_wconf 85' lang='lat' dir='ltr'>attente</span> <span class='ocrx_word' id='word_1_78' title='bbox 670 1711 946 1804; x_wconf 81' lang='lat' dir='ltr'>consideraret,</span> <span class='ocrx_word' id='word_1_79' title='bbox 967 1729 1047 1787; x_wconf 90' lang='lat' dir='ltr'>tum</span> <span class='ocrx_word' id='word_1_80' title='bbox 1068 1719 1184 1790; x_wconf 83' lang='lat' dir='ltr'>etiam</span> <span class='ocrx_word' id='word_1_81' title='bbox 1204 1733 1281 1819; x_wconf 87' lang='lat' dir='ltr'>pro&#39;·</span> <span class='ocrx_word' id='word_1_82' title='bbox 1352 1671 1354 1808; x_wconf 72' lang='lat' dir='ltr'>i</span> 
     </span>
     <span class='ocr_line' id='line_1_13' title="bbox 285 1831 1354 1936; baseline 0.007 -32"><span class='ocrx_word' id='word_1_83' title='bbox 285 1835 397 1936; x_wconf 75' lang='lat' dir='ltr'>priiS,</span> <span class='ocrx_word' id='word_1_84' title='bbox 415 1847 480 1907; x_wconf 84' lang='lat' dir='ltr'>aut</span> <span class='ocrx_word' id='word_1_85' title='bbox 498 1846 598 1904; x_wconf 88' lang='lat' dir='ltr'>certe</span> <span class='ocrx_word' id='word_1_86' title='bbox 612 1831 774 1902; x_wconf 85' lang='lat' dir='ltr'>aliorum</span> <span class='ocrx_word' id='word_1_87' title='bbox 792 1857 837 1904; x_wconf 86' lang='lat' dir='ltr'>ex</span> <span class='ocrx_word' id='word_1_88' title='bbox 852 1847 957 1932; x_wconf 84' lang='lat' dir='ltr'>parte</span> <span class='ocrx_word' id='word_1_89' title='bbox 975 1833 1100 1934; x_wconf 82' lang='lat' dir='ltr'>aliqua</span> <span class='ocrx_word' id='word_1_90' title='bbox 1117 1835 1281 1910; x_wconf 82' lang='lat' dir='ltr'>observa·</span> <span class='ocrx_word' id='word_1_91' title='bbox 1353 1835 1354 1918; x_wconf 69' lang='lat' dir='ltr'>i</span> 
     </span>
     <span class='ocr_line' id='line_1_14' title="bbox 286 1949 1280 2055; baseline 0.003 -30"><span class='ocrx_word' id='word_1_92' title='bbox 286 1951 454 2025; x_wconf 88' lang='lat' dir='ltr'>tionibus</span> <span class='ocrx_word' id='word_1_93' title='bbox 470 1949 632 2046; x_wconf 87' lang='lat' dir='ltr'>adjutus.</span> <span class='ocrx_word' id='word_1_94' title='bbox 652 1952 685 2034; x_wconf 83' lang='lat' dir='ltr'>N</span> <span class='ocrx_word' id='word_1_95' title='bbox 687 1973 747 2020; x_wconf 81' lang='lat' dir='ltr'>am</span> <span class='ocrx_word' id='word_1_96' title='bbox 767 1974 855 2023; x_wconf 90' lang='lat' dir='ltr'>cum</span> <span class='ocrx_word' id='word_1_97' title='bbox 871 1950 1082 2050; x_wconf 82' lang='lat' dir='ltr'>topbaceis,</span> <span class='ocrx_word' id='word_1_98' title='bbox 1100 1957 1280 2055; x_wconf 80' lang='lat' dir='ltr'>gypseisve</span> 
     </span>
     <span class='ocr_line' id='line_1_15' title="bbox 285 2065 1280 2169; baseline 0.001 -26"><span class='ocrx_word' id='word_1_99' title='bbox 285 2069 534 2169; x_wconf 88' lang='lat' dir='ltr'>pulmonibus</span> <span class='ocrx_word' id='word_1_100' title='bbox 547 2082 682 2166; x_wconf 88' lang='lat' dir='ltr'>praeter</span> <span class='ocrx_word' id='word_1_101' title='bbox 696 2067 864 2165; x_wconf 83' lang='lat' dir='ltr'>spirandi</span> <span class='ocrx_word' id='word_1_102' title='bbox 879 2065 1152 2162; x_wconf 85' lang='lat' dir='ltr'>difficultatem,</span> <span class='ocrx_word' id='word_1_103' title='bbox 1168 2079 1280 2146; x_wconf 76' lang='lat' dir='ltr'>nasim</span> 
     </span>
     <span class='ocr_line' id='line_1_16' title="bbox 284 2185 1280 2282; baseline 0.002 -22"><span class='ocrx_word' id='word_1_104' title='bbox 284 2195 419 2262; x_wconf 82' lang='lat' dir='ltr'>siccam</span> <span class='ocrx_word' id='word_1_105' title='bbox 438 2185 551 2260; x_wconf 83' lang='lat' dir='ltr'>luisse</span> <span class='ocrx_word' id='word_1_106' title='bbox 570 2185 832 2282; x_wconf 84' lang='lat' dir='ltr'>conjunctam,</span> <span class='ocrx_word' id='word_1_107' title='bbox 849 2188 1039 2259; x_wconf 82' lang='lat' dir='ltr'>memoriae</span> <span class='ocrx_word' id='word_1_108' title='bbox 1060 2187 1186 2265; x_wconf 82' lang='lat' dir='ltr'>fuerat</span> <span class='ocrx_word' id='word_1_109' title='bbox 1200 2194 1280 2265; x_wconf 88' lang='lat' dir='ltr'>litte·</span> 
     </span>
     <span class='ocr_line' id='line_1_17' title="bbox 284 2302 1279 2406; baseline 0 -26"><span class='ocrx_word' id='word_1_110' title='bbox 284 2331 411 2380; x_wconf 88' lang='lat' dir='ltr'>rarum</span> <span class='ocrx_word' id='word_1_111' title='bbox 428 2302 643 2384; x_wconf 83' lang='lat' dir='ltr'>mandatum</span> <span class='ocrx_word' id='word_1_112' title='bbox 661 2302 729 2400; x_wconf 84' lang='lat'>(1),</span> <span class='ocrx_word' id='word_1_113' title='bbox 745 2318 788 2376; x_wconf 92' lang='lat' dir='ltr'>ut</span> <span class='ocrx_word' id='word_1_114' title='bbox 803 2305 914 2376; x_wconf 84' lang='lat' dir='ltr'>etiam</span> <span class='ocrx_word' id='word_1_115' title='bbox 932 2307 1056 2378; x_wconf 87' lang='lat' dir='ltr'>virum</span> <span class='ocrx_word' id='word_1_116' title='bbox 1072 2311 1139 2406; x_wconf 92' lang='lat' dir='ltr'>qui</span> <span class='ocrx_word' id='word_1_117' title='bbox 1157 2308 1279 2382; x_wconf 86' lang='lat' dir='ltr'>crebro</span> 
     </span>
     <span class='ocr_line' id='line_1_18' title="bbox 286 2420 1281 2524; baseline 0.001 -27"><span class='ocrx_word' id='word_1_118' title='bbox 286 2424 451 2498; x_wconf 86' lang='lat' dir='ltr'>calculos</span> <span class='ocrx_word' id='word_1_119' title='bbox 469 2420 715 2511; x_wconf 82' lang='lat' dir='ltr'>extussiebat,</span> <span class='ocrx_word' id='word_1_120' title='bbox 734 2428 772 2492; x_wconf 83' lang='lat' dir='ltr'>in</span> <span class='ocrx_word' id='word_1_121' title='bbox 785 2421 909 2493; x_wconf 81' lang='lat' dir='ltr'>medio</span> <span class='ocrx_word' id='word_1_122' title='bbox 927 2423 1079 2497; x_wconf 82' lang='lat' dir='ltr'>thorace</span> <span class='ocrx_word' id='word_1_123' title='bbox 1096 2432 1281 2524; x_wconf 79' lang='lat' dir='ltr'>gravitatis</span> 
     </span>
     <span class='ocr_line' id='line_1_19' title="bbox 286 2537 1280 2643; baseline 0.001 -29"><span class='ocrx_word' id='word_1_124' title='bbox 286 2539 479 2638; x_wconf 78' lang='lat' dir='ltr'>cujusdam</span> <span class='ocrx_word' id='word_1_125' title='bbox 489 2537 646 2638; x_wconf 81' lang='lat' dir='ltr'>pondus</span> <span class='ocrx_word' id='word_1_126' title='bbox 648 2545 862 2640; x_wconf 82' lang='lat' dir='ltr'>percepisse</span> <span class='ocrx_word' id='word_1_127' title='bbox 875 2544 898 2636; x_wconf 88' lang='lat'><em>(</em></span> <span class='ocrx_word' id='word_1_128' title='bbox 894 2568 914 2613; x_wconf 77' lang='lat' dir='ltr'>a</span> <span class='ocrx_word' id='word_1_129' title='bbox 909 2543 932 2634; x_wconf 88' lang='lat'><em>)</em></span> <span class='ocrx_word' id='word_1_130' title='bbox 945 2568 956 2610; x_wconf 94' lang='lat'>.·</span> <span class='ocrx_word' id='word_1_131' title='bbox 970 2542 1047 2614; x_wconf 92' lang='lat' dir='ltr'>imo</span> <span class='ocrx_word' id='word_1_132' title='bbox 1065 2543 1107 2616; x_wconf 92' lang='lat' dir='ltr'>in</span> <span class='ocrx_word' id='word_1_133' title='bbox 1117 2545 1280 2643; x_wconf 89' lang='lat' dir='ltr'>plurimis</span> 
     </span>
     <span class='ocr_line' id='line_1_20' title="bbox 285 2657 1279 2762; baseline 0.004 -32"><span class='ocrx_word' id='word_1_134' title='bbox 285 2665 436 2730; x_wconf 86' lang='lat' dir='ltr'>inanem</span> <span class='ocrx_word' id='word_1_135' title='bbox 458 2661 602 2746; x_wconf 78' lang='lat' dir='ltr'>tussim,</span> <span class='ocrx_word' id='word_1_136' title='bbox 627 2673 665 2728; x_wconf 89' lang='lat' dir='ltr'>et</span> <span class='ocrx_word' id='word_1_137' title='bbox 679 2657 851 2756; x_wconf 81' lang='lat' dir='ltr'>aliquam</span> <span class='ocrx_word' id='word_1_138' title='bbox 866 2665 1089 2757; x_wconf 80' lang='lat' dir='ltr'>gravitatem</span> <span class='ocrx_word' id='word_1_139' title='bbox 1110 2669 1150 2733; x_wconf 83' lang='lat' dir='ltr'>in</span> <span class='ocrx_word' id='word_1_140' title='bbox 1162 2678 1279 2762; x_wconf 86' lang='lat' dir='ltr'>pecto·</span> 
     </span>
     <span class='ocr_line' id='line_1_21' title="bbox 284 2775 1353 2882; baseline 0.004 -34"><span class='ocrx_word' id='word_1_141' title='bbox 284 2801 326 2848; x_wconf 83' lang='lat' dir='ltr'>re</span> <span class='ocrx_word' id='word_1_142' title='bbox 333 2790 582 2877; x_wconf 77' lang='lat' dir='ltr'>prementem,</span> <span class='ocrx_word' id='word_1_143' title='bbox 611 2791 653 2848; x_wconf 91' lang='lat' dir='ltr'>ut</span> <span class='ocrx_word' id='word_1_144' title='bbox 676 2791 791 2873; x_wconf 87' lang='lat' dir='ltr'>supra</span> <span class='ocrx_word' id='word_1_145' title='bbox 817 2775 871 2875; x_wconf 85' lang='lat'>(3)</span> <span class='ocrx_word' id='word_1_146' title='bbox 891 2777 1098 2850; x_wconf 89' lang='lat' dir='ltr'>indicatum</span> <span class='ocrx_word' id='word_1_147' title='bbox 1117 2795 1193 2872; x_wconf 89' lang='lat' dir='ltr'>est,</span> <span class='ocrx_word' id='word_1_148' title='bbox 1213 2781 1279 2882; x_wconf 85' lang='lat' dir='ltr'>pati</span> <span class='ocrx_word' id='word_1_149' title='bbox 1352 2803 1353 2882; x_wconf 38' lang='grc' dir='ltr'>ᾗ</span> 
     </span>
     <span class='ocr_line' id='line_1_22' title="bbox 283 2893 1279 2993; baseline -0.004 -23"><span class='ocrx_word' id='word_1_150' title='bbox 283 2895 403 2970; x_wconf 85' lang='lat' dir='ltr'>solitis</span> <span class='ocrx_word' id='word_1_151' title='bbox 414 2899 613 2966; x_wconf 88' lang='lat' dir='ltr'>Mortonus</span> <span class='ocrx_word' id='word_1_152' title='bbox 627 2893 773 2993; x_wconf 84' lang='lat' dir='ltr'>Iapides</span> <span class='ocrx_word' id='word_1_153' title='bbox 787 2895 827 2964; x_wconf 92' lang='lat' dir='ltr'>in</span> <span class='ocrx_word' id='word_1_154' title='bbox 845 2895 1092 2993; x_wconf 87' lang='lat' dir='ltr'>pulmonibus</span> <span class='ocrx_word' id='word_1_155' title='bbox 1106 2916 1279 2972; x_wconf 85' lang='lat' dir='ltr'>cretaceos</span> 
     </span>
     <span class='ocr_line' id='line_1_23' title="bbox 284 3010 1277 3110; baseline 0.002 -26"><span class='ocrx_word' id='word_1_156' title='bbox 284 3011 394 3100; x_wconf 71' lang='lat' dir='ltr'>leves,</span> <span class='ocrx_word' id='word_1_157' title='bbox 410 3014 651 3109; x_wconf 83' lang='lat' dir='ltr'>frequentes,</span> <span class='ocrx_word' id='word_1_158' title='bbox 676 3026 792 3110; x_wconf 85' lang='lat' dir='ltr'>atque</span> <span class='ocrx_word' id='word_1_159' title='bbox 807 3010 955 3110; x_wconf 81' lang='lat' dir='ltr'>aliquos</span> <span class='ocrx_word' id='word_1_160' title='bbox 972 3019 1086 3086; x_wconf 86' lang='lat' dir='ltr'>etiam</span> <span class='ocrx_word' id='word_1_161' title='bbox 1099 3024 1195 3090; x_wconf 83' lang='lat' dir='ltr'>satis</span> <span class='ocrx_word' id='word_1_162' title='bbox 1209 3039 1277 3090; x_wconf 90' lang='lat' dir='ltr'>ma·</span> 
     </span>
     <span class='ocr_line' id='line_1_24' title="bbox 280 3131 548 3228; baseline -0.007 -26"><span class='ocrx_word' id='word_1_163' title='bbox 280 3149 375 3228; x_wconf 79' lang='lat' dir='ltr'>gnos</span> <span class='ocrx_word' id='word_1_164' title='bbox 394 3131 548 3204; x_wconf 88' lang='lat' dir='ltr'>invenit.</span> 
     </span>
    </p>

    <p class='ocr_par' dir='ltr' id='par_1_4' title="bbox 281 3245 1276 3584">
     <span class='ocr_line' id='line_1_25' title="bbox 330 3245 1276 3349; baseline -0.001 -29"><span class='ocrx_word' id='word_1_165' title='bbox 330 3252 437 3346; x_wconf 86' lang='lat' dir='ltr'>AEgre</span> <span class='ocrx_word' id='word_1_166' title='bbox 459 3247 550 3334; x_wconf 89' lang='lat' dir='ltr'>tuli,</span> <span class='ocrx_word' id='word_1_167' title='bbox 574 3245 759 3344; x_wconf 89' lang='lat' dir='ltr'>cumipse</span> <span class='ocrx_word' id='word_1_168' title='bbox 784 3246 971 3342; x_wconf 87' lang='lat' dir='ltr'>ejusmodi</span> <span class='ocrx_word' id='word_1_169' title='bbox 995 3250 1200 3349; x_wconf 85' lang='lat' dir='ltr'>pulmones</span> <span class='ocrx_word' id='word_1_170' title='bbox 1226 3253 1276 3321; x_wconf 88' lang='lat' dir='ltr'>in·</span> 
     </span>
     <span class='ocr_line' id='line_1_26' title="bbox 283 3363 1274 3464; baseline -0.002 -26"><span class='ocrx_word' id='word_1_171' title='bbox 283 3365 374 3453; x_wconf 91' lang='lat' dir='ltr'>cidi,</span> <span class='ocrx_word' id='word_1_172' title='bbox 392 3389 474 3464; x_wconf 87' lang='lat' dir='ltr'>quoe</span> <span class='ocrx_word' id='word_1_173' title='bbox 490 3379 526 3436; x_wconf 90' lang='lat' dir='ltr'>et</span> <span class='ocrx_word' id='word_1_174' title='bbox 542 3364 665 3461; x_wconf 84' lang='lat' dir='ltr'>qualia</span> <span class='ocrx_word' id='word_1_175' title='bbox 681 3364 721 3435; x_wconf 91' lang='lat' dir='ltr'>in</span> <span class='ocrx_word' id='word_1_176' title='bbox 739 3365 952 3438; x_wconf 82' lang='lat' dir='ltr'>viventibus</span> <span class='ocrx_word' id='word_1_177' title='bbox 968 3363 1126 3442; x_wconf 83' lang='lat' dir='ltr'>fuissent</span> <span class='ocrx_word' id='word_1_178' title='bbox 1141 3369 1274 3441; x_wconf 89' lang='lat' dir='ltr'>incom-</span> 
     </span>
     <span class='ocr_line' id='line_1_27' title="bbox 281 3471 1274 3584; baseline 0 -29"><span class='ocrx_word' id='word_1_179' title='bbox 281 3482 415 3571; x_wconf 85' lang='lat' dir='ltr'>moda,</span> <span class='ocrx_word' id='word_1_180' title='bbox 433 3507 505 3581; x_wconf 92' lang='lat' dir='ltr'>pro</span> <span class='ocrx_word' id='word_1_181' title='bbox 522 3496 626 3555; x_wconf 86' lang='lat' dir='ltr'>certo</span> <span class='ocrx_word' id='word_1_182' title='bbox 642 3481 729 3554; x_wconf 86' lang='lat' dir='ltr'>sciri</span> <span class='ocrx_word' id='word_1_183' title='bbox 743 3505 822 3553; x_wconf 91' lang='lat' dir='ltr'>non</span> <span class='ocrx_word' id='word_1_184' title='bbox 839 3484 1021 3580; x_wconf 87' lang='lat' dir='ltr'>potuisse,</span> <span class='ocrx_word' id='word_1_185' title='bbox 1040 3485 1080 3554; x_wconf 91' lang='lat' dir='ltr'>in</span> <span class='ocrx_word' id='word_1_186' title='bbox 1100 3485 1182 3558; x_wconf 88' lang='lat' dir='ltr'>viro</span> <span class='ocrx_word' id='word_1_187' title='bbox 1191 3471 1274 3584; x_wconf 82' lang='lat' dir='ltr'>pr&#39;ae·</span> 
     </span>
    </p>
   </div>
   <div class='ocr_carea' id='block_1_3' title="bbox 319 3764 1352 3878">
    <p class='ocr_par' dir='ltr' id='par_1_5' title="bbox 319 3764 1352 3878">
     <span class='ocr_line' id='line_1_28' title="bbox 319 3764 1352 3878; baseline 0.002 -21"><span class='ocrx_word' id='word_1_188' title='bbox 319 3799 364 3878; x_wconf 89' lang='lat'>(1)</span> <span class='ocrx_word' id='word_1_189' title='bbox 383 3800 453 3858; x_wconf 82' lang='lat' dir='ltr'>vid.</span> <span class='ocrx_word' id='word_1_190' title='bbox 466 3801 652 3875; x_wconf 84' lang='lat' dir='ltr'>Sepulcbret.</span> <span class='ocrx_word' id='word_1_191' title='bbox 667 3803 742 3859; x_wconf 86' lang='lat' dir='ltr'>Seot.</span> <span class='ocrx_word' id='word_1_192' title='bbox 757 3801 822 3857; x_wconf 72' lang='lat' dir='ltr'>bec.</span> <span class='ocrx_word' id='word_1_193' title='bbox 840 3819 872 3872; x_wconf 88' lang='lat'>1,</span> <span class='ocrx_word' id='word_1_194' title='bbox 887 3800 952 3859; x_wconf 85' lang='lat' dir='ltr'>obs.</span> <span class='ocrx_word' id='word_1_195' title='bbox 962 3806 1004 3874; x_wconf 65' lang='lat'>&#39;47</span> <span class='ocrx_word' id='word_1_196' title='bbox 1018 3811 1048 3860; x_wconf 86' lang='lat' dir='ltr'>et</span> <span class='ocrx_word' id='word_1_197' title='bbox 1062 3817 1075 3859; x_wconf 86' lang='lat'>1</span> <span class='ocrx_word' id='word_1_198' title='bbox 1090 3797 1228 3858; x_wconf 78' lang='lat' dir='ltr'>inAddit·</span> <span class='ocrx_word' id='word_1_199' title='bbox 1351 3764 1352 3828; x_wconf 35' lang='lat' dir='ltr'>l</span> 
     </span>
    </p>
   </div>
   <div class='ocr_carea' id='block_1_4' title="bbox 319 3898 913 4076">
    <p class='ocr_par' dir='ltr' id='par_1_6' title="bbox 319 3898 913 4076">
     <span class='ocr_line' id='line_1_29' title="bbox 319 3898 913 3978; baseline 0.003 -22"><span class='ocrx_word' id='word_1_200' title='bbox 319 3898 364 3976; x_wconf 75' lang='lat' dir='ltr'>(a)</span> <span class='ocrx_word' id='word_1_201' title='bbox 386 3902 462 3959; x_wconf 88' lang='lat' dir='ltr'>Sect.</span> <span class='ocrx_word' id='word_1_202' title='bbox 480 3900 544 3956; x_wconf 78' lang='lat' dir='ltr'>ead.</span> <span class='ocrx_word' id='word_1_203' title='bbox 563 3899 627 3958; x_wconf 82' lang='lat' dir='ltr'>obs.</span> <span class='ocrx_word' id='word_1_204' title='bbox 644 3899 818 3978; x_wconf 52' lang='lat' dir='ltr'>imprime</span> <span class='ocrx_word' id='word_1_205' title='bbox 834 3901 913 3972; x_wconf 75' lang='lat'>511.</span> 
     </span>
     <span class='ocr_line' id='line_1_30' title="bbox 321 3995 493 4076; baseline -0.012 -21"><span class='ocrx_word' id='word_1_206' title='bbox 321 3995 367 4076; x_wconf 70' lang='grc' dir='ltr'>Ι(3)</span> <span class='ocrx_word' id='word_1_207' title='bbox 388 3997 428 4056; x_wconf 78' lang='grc' dir='ltr'>Ν.</span> <span class='ocrx_word' id='word_1_208' title='bbox 446 4013 493 4056; x_wconf 82' lang='lat'>21.</span> 
     </span>
    </p>
   </div>
   <div class='ocr_carea' id='block_1_5' title="bbox 0 0 1380 4658">
    <p class='ocr_par' dir='ltr' id='par_1_7' title="bbox 0 0 1380 4658">
     <span class='ocr_line' id='line_1_31' title="bbox 0 0 1380 4658; baseline 0 1"><span class='ocrx_word' id='word_1_209' title='bbox 0 0 1380 4658; x_wconf 95' lang='lat' dir='ltr'> </span> 
     </span>
    </p>
   </div>
  </div>
 </body>
</html>
