2812 4660
252 394 321 494 392
415 415 462 464 nn
488 416 633 465 saniaus
657 418 701 464 nr
726 415 850 465 cauus
875 416 1088 466 noaaoaun

254 531 367 604 simul
385 530 517 628 pulsus
540 529 751 612 adnotavit,
768 555 860 601 num
871 529 938 618 hi,
963 532 1035 603 nisi
1054 529 1152 602 forte
1173 554 1258 628 pos·

253 665 376 721 tremo
401 663 589 745 tempore,
608 645 748 719 fuerint
763 647 974 746 inaequales.
987 649 1059 720 Sed
1072 673 1144 720 nec
1158 663 1260 720 sutor

256 766 314 862 cuj
322 791 363 837 ns
387 765 454 836 tibi
473 764 665 837 historiam
687 763 865 863 descripsi
886 764 959 862 (ι),
978 766 1182 864 inaequales
1199 765 1260 836 ha·

255 883 360 971 buit,
375 907 460 986 cum
482 884 597 952 animi
615 879 844 954 defectiones
862 882 1057 968 abiissent,
1074 909 1124 954 ne
1139 885 1259 980 proxi·

256 1024 316 1071 ma
343 998 497 1097 quidem
524 1000 599 1095 jam
625 1014 757 1070 morte.
777 1004 919 1097 Atque,
945 1016 988 1070 ut
1007 1000 1087 1071 aliis
1112 1024 1261 1097 quoque

260 1118 353 1190 scias
371 1117 470 1188 idem
497 1115 601 1213 quod
623 1118 815 1204 Lancisio,
834 1116 1261 1203 Alberti110,Valsalvae,

261 1249 298 1306 et
323 1231 434 1304 nobis
455 1233 652 1321 accidisse3
669 1234 793 1331 aspice
811 1233 910 1306 illam
923 1234 1127 1332 praesertim
1142 1234 1265 1331 ingen-

260 1368 336 1423 tem
355 1350 529 1421 auriculae
542 1349 700 1422 dexterae
714 1350 990 1440 dilatationem,
1007 1351 1115 1446 cujus
1126 1353 1265 1448 image,

262 1483 299 1540 et
319 1467 518 1564 descriptio
536 1471 678 1538 aPetro
693 1468 864 1568 Dionisio
880 1469 985 1540 editae
1006 1483 1094 1539 sunt
1111 1469 1153 1538 in
1170 1468 1265 1539 calce

264 1599 461 1658 anatomes¹
474 1609 546 1655 suae
564 1585 628 1681 (a).
649 1586 863 1657 Auriculam
888 1585 1043 1683 quidem
1069 1585 1194 1683 capite
1214 1609 1268 1655 re·

265 1726 354 1774 cens
378 1701 455 1772 nati
478 1699 627 1774 infantis
648 1703 831 1798 majorem
855 1700 1021 1789 videbis3
1045 1701 1111 1774 sed
1129 1700 1267 1772 nullam

266 1820 305 1889 in
323 1819 502 1917 pulsuum
515 1821 886 1908 commemoratione,
899 1819 1165 1916 inaequalitatis
1178 1842 1271 1888 men·

268 1939 412 2009 tionem
436 1938 615 2010 invenies.
633 1940 680 2008 At
695 1938 792 2009 enim
813 1952 868 2008 est
885 1937 978 2008 alius
994 1937 1058 2033 qui
1075 1952 1163 2034 post
1179 1933 1270 2006 diffi-

270 2053 448 2126 cultatem
458 2055 715 2153 respirationis
728 2109 738 2143 ‚
756 2070 792 2126 et
805 2054 1123 2125 intermissionem
1136 2051 1273 2150 pulsus,

270 2187 456 2269 repertam
478 2173 518 2241 in
540 2171 612 2242 alio
640 2169 778 2244 scribat
797 2172 923 2244 dextri
940 2169 1139 2242 ventriculi
1154 2168 1274 2240 cordis

273 2295 450 2387 istiusque
487 2288 666 2374 auricula
698 2290 864 2362 dexterae
899 2287 1198 2386 magnitudinem
1226 2293 1275 2355 ita

275 2423 447 2494 auctam,
470 2422 603 2478 utana
621 2413 760 2478 cavitas
774 2413 924 2506 insigms
940 2405 1094 2476 adesset.
1120 2405 1275 2501 Utique;

275 2522 339 2594 sed
356 2548 481 2619 neque
498 2524 538 2591 in
555 2523 732 2612 sinistris,
750 2549 873 2621 neque
889 2525 928 2594 in
949 2538 1074 2610 aorta,
1096 2545 1224 2617 neque
1241 2521 1276 2588 in

275 2636 520 2736 pulmonibus
538 2638 629 2735 quid
646 2641 726 2711 vitii
739 2653 854 2729 essct,
872 2656 936 2712 aut
955 2664 1035 2711 non
1054 2653 1169 2726 esset,
1192 2637 1277 2732 adji-

278 2757 395 2842 citur,
418 2769 460 2825 ut
481 2781 606 2854 neque
631 2781 673 2829 ea
695 2759 826 2857 pulsus
849 2759 1074 2832 intermissio
1100 2756 1278 2828 diuturna

277 2870 411 2960 luerit,
437 2895 484 2944 an
509 2874 727 2947 ultimorum
755 2877 934 2949 duntaxat
955 2877 1102 2948 dierum
1126 2901 1134 2942 :
1160 2898 1277 2972 quan·

277 3014 391 3095 quam
418 3004 454 3061 et
475 2991 653 3088 pulsuum
673 2993 919 3090 aequalitatem
937 2994 977 3064 in
1002 2992 1140 3064 dextrae
1166 2991 1278 3088 partis

280 3107 405 3179 cordis
431 3097 712 3184 dilatationibus
741 3135 835 3210 saepe
855 3135 954 3200 csse,
973 3110 1171 3208 proposito
1193 3107 1277 3178 huic

278 3240 410 3296 nostro
426 3226 511 3297 satis
525 3243 590 3298 est.
674 3233 676 3238 '
799 3215 805 3230 ’

332 3367 386 3411 12.
407 3346 589 3412 Caeterum
608 3342 707 3415 hanc
735 3361 771 3416 et
790 3342 913 3432 illam,
937 3369 1019 3441 quae
1044 3341 1090 3414 ab
1110 3341 1276 3412 Dionisio

281 3458 379 3530 edita
399 3475 473 3548 est,
499 3459 800 3534 observationem
826 3461 974 3533 duabus
999 3463 1037 3531 in
1063 3459 1178 3532 rebus
1197 3459 1276 3530 satis

278 3579 775 3666 convenire‚animadverto.
794 3585 887 3652 Nam
906 3581 1071 3679 primum
1090 3581 1119 3649 si
1137 3578 1275 3663 iubae,

316 3861 360 3939 (1)
383 3865 497 3938 Supra,
513 3883 543 3919 n.
559 3883 588 3920 a.

316 3960 359 4040 (a)
379 3963 551 4021 L’Anatom.
564 3965 600 4023 de
612 3960 757 4022 l’homme.
858 3987 863 4000 ·
