2832 4662
235 438 303 484 ma.
331 435 371 482 n.
399 431 965 496 nruoaaisruomcis‚ra1sr.
993 439 1066 484 xix.
1096 415 1172 516 519

156 565 240 622 tum
259 528 370 620 canes
377 601 391 634 ,ἵ
406 561 488 617 tum
506 543 595 618 feles
614 543 822 643 mergendo
840 562 1011 638 necaret,
1037 551 1077 620 in
1102 578 1166 625 eo-

154 693 245 740 rum
254 665 468 739 ventriculo
481 661 759 759 nonnunquam
770 662 867 734 nihil
882 667 1060 757 omnino,
1074 692 1167 742 sem.

140 811 228 884 ‚per
241 801 367 856 autem
381 782 503 855 multo
514 781 640 852 minus
653 805 761 878 ‚aquae
774 779 1042 878 deprehendit,
1052 811 1168 883 quam

155 905 199 974 in
225 901 437 974 ventriculo
468 899 667 970 hominum
694 897 1000 991 submersorum
1029 927 1168 1001 aquam
1206 931 1209 936 ·

155 1023 259 1100 enim
276 1021 316 1090 in
332 1019 392 1090 his
407 1017 581 1104 multam,
601 1014 707 1112 quod
729 1040 844 1114 supra
867 1016 922 1114 (1)
945 1021 1056 1093 etiam
1075 1021 1168 1094 dixi-

154 1164 257 1228 mus,
272 1138 403 1210 solitus
416 1151 495 1208 erat
506 1129 694 1223 invenire3
715 1149 758 1209 nt
774 1159 853 1206 non
868 1136 1041 1210 videatur
1053 1137 1167 1213 fnisse

154 1283 177 1329 a
192 1259 274 1330 viro
289 1257 505 1335 doctissimo
522 1255 702 1326 intereos
721 1251 963 1346 referendus,
984 1260 1051 1355 qui
1072 1284 1166 1332 con-

152 1377 311 1448 trarium
325 1374 511 1461 docuere3
528 1373 606 1444 imo
623 1369 779 1444 Beckeri
796 1371 1081 1449 observationes
1101 1379 1167 1474 qui

152 1492 250 1565 nihil
263 1517 367 1590 aquae
377 1493 417 1564 in
429 1489 666 1577 ventriculo,
679 1488 776 1560 nihil
791 1491 830 1562 iu
845 1491 1094 1588 pulmonibus
1108 1493 1165 1566 of-

152 1609 342 1699 fenderat,
360 1611 460 1680 inter
474 1607 635 1680 rariores
652 1589 819 1704 ponebat
835 1632 962 1682 casus:
979 1636 1054 1708 qua
1069 1613 1164 1684 inre

153 1744 282 1812 tamen
298 1751 433 1800 vereor
448 1741 491 1798 ut
507 1725 694 1824 possimus
705 1725 838 1797 Littrio
853 1728 1033 1801 assentiri.
1053 1732 1165 1802 Nam-

151 1871 227 1944 que
239 1848 278 1918 ·si
295 1845 343 1916 ad
362 1842 569 1916 Beckerum
590 1867 655 1914 eos
671 1842 941 1940 adjungamus,
968 1871 1066 1943 quos
1083 1847 1165 1924 lau-

149 1964 252 2036 davit
265 1962 455 2036 Charisius
468 1960 533 2059 (a),
551 1977 589 2034 et
603 1985 699 2058 quos
712 1973 825 2060 supra
837 1961 892 2059 (3)
909 1962 981 2059 ipsi
995 1963 1163 2035 laudavi-

149 2106 237 2153 mus
252 2082 462 2168 Platerum‚
487 2094 524 2150 et
538 2077 775 2177 Wepferum‚
792 2095 830 2152 et
849 2103 945 2176 quos
970 2079 1161 2159 Charisius

149 2197 290 2270 addere
307 2198 510 2295 potuisset,
526 2195 702 2271 Culmum
719 2195 773 2294 (4)
792 2212 828 2268 et
840 2200 1063 2294 Leprottum
1081 2197 1159 2295 (5);

150 2337 199 2384 ex
214 2311 273 2384 his
291 2315 488 2399 nimirum,
510 2329 622 2411 atque
647 2313 727 2385 aliis
745 2328 801 2384 tot
818 2311 1003 2386 habemus
1030 2315 1160 2394 obser·
1242 2362 1243 2367 κ

150 2431 335 2521 vationes,
352 2447 395 2504 ut
412 2456 502 2504 rarae
522 2429 618 2502 adeo
637 2429 712 2502 dici
726 2455 805 2502 non
824 2432 987 2529 possint,
1003 2456 1160 2530 praeser-

138 2546 216 2618 tim
242 2562 443 2646 postquam
465 2549 565 2649 regia
597 2550 678 2647 ipsa
697 2550 937 2622 scientiarum
961 2551 1160 2624 Academia

146 2665 385 2756 Parisiensis,
416 2670 456 2740 in
487 2670 635 2738 monito
663 2668 730 2738 illo
764 2668 1159 2760 commendatissimo,

121 2787 125 2793 ’
147 2783 252 2879 quod
267 2783 313 2854 ad
333 2808 446 2882 opem
460 2782 653 2858 terendam
668 2785 714 2856 iis
728 2786 795 2882 qui
811 2783 881 2858 sub
900 2810 999 2882 aqua
1017 2791 1158 2864 mortui

146 2899 354 2974 creduntur
361 2955 373 2991 1,
383 2902 615 3002 vulgandum
629 2903 776 2984 curavit
793 2926 894 2972 anno
915 2909 1007 2999 1740
1019 2904 1157 2986 diserte

144 3019 318 3114 agnovit,
336 3045 406 3117 per
423 3019 706 3092 submersorum
724 3015 968 3094 dissectiones
987 3045 1007 3095 a
1026 3023 1158 3120 peritis

145 3137 366 3215 anatomicis
386 3137 595 3224 institutae,
622 3148 859 3231 compertum
883 3131 994 3210 fuisse
1018 3161 1156 3236 aquam

144 3253 372 3354 plerumque
392 3281 471 3328 non
496 3256 568 3328 nisi
593 3278 751 3354 paucam
770 3253 924 3326 illorum
944 3255 1154 3328 ventriculo
1261 3291 1270 3310 ·

250 3887 322 3942 Obs.
338 3885 444 3962 adject.
457 3886 604 3960 Descript.
618 3886 679 3942 soet.
692 3895 819 3942 monstr.
835 3890 851 3958 S
867 3906 899 3956 a,
915 3888 943 3944 3.

250 3985 286 4040 In
297 3987 391 4062 Epist.
403 3999 480 4064 post.
496 3988 660 4065 Comment.
675 3985 711 4044 de
728 3989 843 4044 Boron.
856 3987 949 4056 Acad.
958 4027 968 4057 ‚
983 3997 1055 4044 tom.
1073 4009 1100 4046 1.
