2832 4662
247 489 316 540 me.
344 491 384 540 11.
412 492 459 538 ne
485 490 620 541 nonnis
645 491 845 558 anouncis,
871 493 983 542 emsa.
1009 495 1067 542 xx.
1097 469 1168 571 597

160 603 358 701 explicatio
385 620 472 677 sunt
497 605 629 677 Aretaei
656 603 723 701 (1).
746 605 804 676 Ad
823 631 938 703 quam
958 606 1038 677 haec
1056 607 1169 679 etiam

155 721 231 792 *alia
244 720 368 793 addita
382 719 452 792 fuit
467 721 685 820 explicatio,
703 722 808 819 quod
821 724 931 794 sicuti
943 737 1088 795 certum
1102 740 1169 816 est,

156 861 420 936 compressum
437 838 478 908 in
497 837 673 910 cubando
689 839 810 928 latus,
830 840 950 910 multo
966 842 1094 912 minus
1112 842 1169 911 in-

88 947 93 954 ’
155 970 219 1027 *ter
231 955 494 1055 respirandum
505 956 646 1053 agitari,
656 980 770 1052 quam
780 957 1009 1054 oppositum,
1025 959 1169 1056 quippe

157 1071 342 1163 liberum,
369 1073 420 1145 sic
447 1074 573 1145 minus
603 1074 751 1172 agitari,
771 1072 968 1146 extendive
995 1073 1167 1172 pleuram

155 1205 331 1288 apparet,
353 1215 434 1288 quae
454 1209 692 1288 compresso,
719 1215 833 1288 quam
856 1215 938 1288 quae
961 1190 1082 1262 libero
1103 1191 1168 1262 ad-

159 1307 275 1380 haeret
284 1307 401 1380 lateri.
415 1310 516 1399 Quas
530 1309 797 1406 explicationes
811 1323 998 1405 quatenus
1007 1308 1055 1379 ad
1065 1308 1170 1407 pleu-

159 1447 240 1496 ram
255 1423 458 1496 transferre
471 1426 599 1512 liceat,
613 1422 660 1493 ad
680 1448 794 1521 quam
811 1424 1064 1498 inflammatus
1080 1428 1168 1523 pul-

76 1573 78 1578 ·
159 1567 224 1613 mo
243 1566 412 1613 annexus
434 1541 502 1630 sit,
527 1540 642 1612 vides.
663 1540 734 1611 Sed
759 1542 950 1612 interdum
969 1557 1096 1614 tamen
1113 1544 1169 1614 illi

158 1659 273 1733 iidem
297 1658 404 1731 aliter
428 1658 607 1730 accidere
622 1658 721 1728 circa
739 1657 982 1745 decubitum,
1004 1660 1167 1730 animad-

152 1791 377 1865 -verterunt;
399 1790 441 1847 ut
457 1789 559 1874 patet
573 1776 675 1873 apud
688 1776 841 1847 Caelium
853 1773 1166 1874 Aurelianumlal,

158 1894 227 1972 uhi
245 1894 315 1996 alia
336 1895 492 1991 insuper
511 1893 741 1992 proponitur
751 1894 958 1992 explicatio.
975 1897 1097 1985 Quam
1109 1911 1166 1966 ta-

159 2037 248 2084 men
263 2014 293 2083 si
301 2001 540 2100 consideres,
556 2012 811 2090 iisconveuire
827 2012 1011 2110 intelliges
1029 2015 1096 2110 qui
1113 2011 1165 2084 fa-

160 2131 267 2202 cilius
285 2132 326 2201 iu
347 2131 443 2202 latus
469 2127 644 2202 affectum
662 2129 822 2219 cubant,
844 2155 923 2201 non
944 2130 1166 2226 quibusdam

114 2248 115 2258 ’
159 2246 251 2335 illis,
269 2247 336 2343 qui
352 2252 624 2344 suprapatiens
644 2245 740 2318 latus
751 2250 883 2344 jacere
889 2236 1165 2345 prohibentem
1256 2253 1258 2258 ’

160 2377 203 2432 ut
222 2363 282 2434 vel
302 2362 393 2433 hine
410 2378 610 2462 appareat,
632 2364 704 2436 hos
721 2365 858 2452 rarius,
879 2364 1022 2461 primos
1039 2379 1165 2436 autem

160 2478 388 2552 creberrime
407 2505 617 2554 occurrere.
644 2484 777 2580 Neque
805 2482 904 2554 enim
927 2480 1076 2553 obstare
1101 2481 1164 2554 de·

157 2593 252 2668 bent
272 2623 355 2695 quae
376 2615 483 2672 antea
504 2598 572 2697 (3)
590 2599 692 2698 apud
715 2600 866 2672 Caelium
885 2598 1095 2696 leguntur:
1113 2625 1166 2670 se·
1190 2593 1192 2598 ’

157 2719 284 2810 quitur
305 2723 418 2786 etiam
435 2741 557 2813 cegros
576 2742 698 2816 supra·
716 2716 757 2788 id
775 2717 873 2788 latus
883 2717 1044 2814 jacendi
1059 2716 1162 2813 diffi-

157 2828 295 2918 cultas,
311 2848 425 2929 atque
445 2858 527 2904 cum
542 2860 581 2904 sc
591 2860 706 2932 supra
723 2839 953 2906 eontrarium
970 2834 1069 2904 latus
1082 2860 1162 2905 ver·

150 2953 285 3036 vterint,
298 2948 418 3020 dolor.
437 2953 531 3021 Nam
550 2951 618 3022 etsi
633 2950 676 3020 id
690 2951 788 3022 latus
806 2974 956 3047 nequeo
978 2975 1065 3022 cum
1081 2952 1162 3024 aliis

156 3064 367 3165 intelligere
387 3068 491 3166 quod
514 3093 647 3139 sanum
665 3081 740 3156 est,
757 3082 839 3139 tum
861 3069 949 3164 quia
963 3066 1095 3138 Caelius
1110 3090 1163 3138 sa·

149 3207 251 3253 -num
278 3185 374 3256 latus
400 3210 479 3255 non
501 3177 792 3273 fimoraverat,
819 3184 884 3256 sed
907 3208 1063 3281 aegrum,
1080 3200 1162 3256 tum

158 3299 269 3370 etiam
291 3303 378 3398 quia
396 3303 447 3372 sic
472 3310 722 3389 contrarium,
753 3303 857 3400 quod
881 3301 1064 3373 continuo
1089 3327 1163 3376 me·

148 3432 295 3506 morat,
310 3418 428 3507 latua,
444 3443 584 3517 aegrum
597 3419 776 3492 deberem
790 3434 922 3494 contra
939 3415 1162 3516 frequentis·
1252 3437 1256 3446 “

149 3533 291 3603 ,simam
314 3532 616 3608 observationem
639 3538 869 3635 intelligere3
889 3550 1015 3607 tamen
1037 3538 1162 3608 autin

198 3828 242 3908 (1)
264 3832 363 3889 Morb.
378 3835 490 3890 acut.'l.
513 3854 543 3906 1,
556 3855 582 3892 c.
600 3855 646 3893 10.

197 3927 241 4007 (Ἄ)
262 3934 350 3989 Acut.
363 3934 461 3990 morb.
474 3935 495 3989 l.
510 3952 541 4006 a,
556 3955 582 3992 c.
599 3936 650 4012 16,
664 3956 694 3994 n.
709 3937 758 4014 98.
774 3937 844 3996 edit.
860 3936 996 3994 almelov.

198 4027 241 4107 (3)
262 4033 589 4111 L.eod.c.1l,u.91.
