2812 4660
141 434 212 481 nm.
240 431 281 478 11.
309 431 356 477 na
382 428 518 478 aroanrs
543 427 736 493 raonims,
760 429 871 478 nrrsr.
898 433 986 481 xvn.
1016 411 1086 484 333

77 562 120 622 ut
138 547 297 621 minime
317 541 434 620 facilis
452 544 498 616 sit
512 541 662 616 flatibus
677 545 903 642 erumpendi
920 550 989 622 via.
1007 553 1089 623 Dis·

76 661 242 740 tendunt
277 661 365 734 ideo
398 661 670 750 ventriculum,
693 677 730 737 et
754 661 843 736 huic
876 667 1087 762 proximam

76 780 278 880 oesophagi
296 793 459 877 partem,
473 779 737 878 molestiasque
748 796 909 878 augent,
924 783 1088 860 thoracis

76 900 242 997 spatium
252 897 312 974 vel
328 897 446 993 magis
456 896 685 985 minuendo,
701 911 739 967 et
756 923 978 996 aneurysma
989 927 1086 976 com·

75 1015 291 1116 primend'o.
310 1019 373 1089 Hac
392 1014 526 1110 igitur,
542 1012 692 1090 flatibus
708 1013 873 1112 deniquo
890 1018 1085 1095 eluctanti-

75 1135 172 1224 bus,
190 1136 388 1209 mitescant
401 1155 553 1206 necesse
568 1147 633 1207 est.
645 1135 731 1204 Non
746 1147 872 1208 tamen
884 1137 1082 1212 tolluntur:

76 1276 244 1351 quaeres,
258 1265 294 1324 ot
305 1248 505 1348 ponderis,
519 1265 583 1324 aut
600 1249 753 1324 atterius
766 1251 1000 1328 incommodi
1007 1281 1087 1330 sen·

76 1395 162 1458 sus,
187 1369 254 1466 qui
279 1368 383 1464 rejici
410 1367 450 1442 in
477 1365 587 1442 ssatus
613 1391 693 1440 non
718 1371 856 1465 possit,
879 1371 1083 1448 admonere
1141 1383 1142 1388 ’

75 1487 269 1564 medicum
286 1484 418 1574 dehet,
435 1509 483 1556 nc
501 1507 559 1572 se,
574 1499 617 1559 ut
633 1509 795 1582 aegrum,
815 1483 892 1560 falti
909 1491 1082 1586 patiatur.

74 1606 150 1682 sed
173 1604 269 1692 hnc,
285 1617 395 1700 atque
417 1603 487 1676 alia
504 1601 593 1676 alibi
610 1604 720 1674 otiam
741 1603 979 1700 explicanda,
996 1623 1085 1680 sunt

76 1727 115 1798 in
135 1723 295 1798 historia
322 1721 392 1798 hac
420 1718 596 1792 faciliora.
623 1720 818 1792 Nonnulla
849 1737 973 1794 autem
998 1741 1085 1798 sunt

76 1843 204 1918 minus
219 1837 357 1926 facilia,
377 1839 417 1911 in
436 1835 577 1934 quibua
593 1835 673 1910 haec
691 1837 769 1910 duo
780 1863 788 1906 :
800 1838 974 1928 aiterum,
992 1867 1085 1938 quo

76 1961 196 2034 modo
217 1975 302 2059 post
323 1958 487 2056 disrupti
511 1960 782 2056 aneurysmatis
805 1960 931 2057 signa,
950 1961 1082 2036 decem

76 2079 191 2154 horas
207 2079 357 2166 vivero,
373 2091 438 2150 aut
455 2101 501 2148 co
515 2075 678 2173 amplius
692 2075 755 2147 hic
774 2098 887 2149 senex
898 2081 1083 2175 potuerit3

74 2196 248 2284 alterum,
260 2219 337 2292 qua
345 2195 404 2268 via
415 2195 611 2292 copiosum
622 2192 716 2266 illud
727 2196 1081 2294 sanguinissputum

76 2314 247 2386 extiterit
275 2312 387 2402 Quod
413 2311 460 2385 ad
486 2312 652 2409 primum
676 2311 832 2416 attinet,
859 2313 916 2384 vir
941 2313 1077 2387 clariss

75 2431 212 2504 Paulus
223 2430 478 2528 Valcarengus
494 2427 549 2526 (ι)
562 2429 602 2502 in
618 2447 706 2501 casu
719 2455 834 2526 quem
848 2454 935 2504 cnm
943 2455 1082 2530 propo·
1113 2460 1116 2473 ·

75 2549 149 2622 sito
169 2546 433 2644 quadantenus
455 2544 629 2620 conferre
654 2548 791 2647 possis,
815 2570 895 2618 rem
918 2549 1080 2648 explicat

76 2664 258 2764 ponendo
285 2665 504 2762 sanguinem
537 2687 613 2736 non
639 2664 852 2736 omnimodo
873 2675 1000 2738 statim
1030 2666 1078 2740 ab

76 2782 346 2879 ancurysrnatis
369 2784 566 2880 ruptione,
584 2780 653 2854 sed
665 2780 859 2880 paulatim
876 2785 1075 2874 fflmxrtse.

74 2901 267 2990 Quoniam
289 2915 414 2974 autern
442 2899 542 2972 itlius
562 2924 659 2997 ager
679 2899 726 2972 ad
745 2915 908 2997 quatuor
932 2903 1080 2974 circiter

76 3015 190 3090 horas
201 3017 291 3088 vixit
301 3018 351 3104 ,is
363 3029 489 3090 autem
498 3015 630 3113 dequo
642 3039 766 3088 sermo
779 3033 854 3102 est,
868 3016 915 3088 ad
930 3016 1079 3106 deccm3

77 3136 259 3231 mapicari
288 3135 392 3223 licat,
417 3135 699 3206 concretionem
725 3134 970 3230 polyposam‚
996 3156 1079 3231 quae

78 3254 177 3326 circa
189 3251 357 3351 amplum
367 3253 636 3348 aneurysmatis
649 3250 794 3322 hiatum
812 3253 851 3320 in
868 3249 991 3322 tubuli
1003 3249 1078 3322 ior·

77 3393 178 3444 mam
203 3383 374 3442 excavata
394 3383 542 3468 reperta
559 3368 898 3466 manicatasque
923 3369 1078 3461 iterum,

5 3573 6 3576 Ἴ
77 3489 190 3562 uthis
208 3486 357 3560 radiens
373 3487 675 3587 gravissimorum
702 3501 994 3584 symptomatum
1009 3491 1079 3562 mi*

77 3607 208 3705 tigatio
228 3603 387 3692 indicat,
409 3604 517 3702 quasi
532 3603 747 3676 obturatam
771 3600 882 3678 fnisse
901 3607 1078 3704 portione

115 3954 163 4032 (t)
180 3957 227 4018 Da
238 3958 337 4016 aona
349 3957 466 4028 men,
482 3955 545 4022 obs.
560 3974 589 4015 α.
