2812 4660
303 395 373 470 368
468 417 514 462 nr
541 412 685 461 saumas
710 413 754 458 ar
779 411 902 458 causis
928 411 1139 461 uonaoaurr

296 534 367 604 diis
383 529 678 614 inservientium,
693 549 807 622 quam
821 548 965 621 magnae
984 523 1140 600 fortasse
1158 530 1302 599 arteriae

296 648 435 720 tunicis
452 643 648 731 insedisse,
676 668 717 713 ac
741 641 951 712 dilatationi
969 661 1234 741 opportunam
1253 644 1304 716 fe·

298 767 401 837 cisse.
423 767 473 834 Ut
494 762 532 831 in
549 787 589 831 re
606 775 730 831 tamen
752 760 877 831 minus
898 763 1097 858 perspicua
1119 763 1162 832 id
1185 764 1304 834 consi·

298 883 390 953 lium
408 880 538 950 dantes
550 935 559 966 ,
573 876 677 974 quod
695 881 724 947 si
741 900 818 946 non
836 876 1050 973 prodesset,
1067 903 1212 951 nocere
1227 905 1304 950 non

299 1021 408 1097 posse
432 995 690 1081 crederemus,
716 993 961 1065 omittendam
981 1020 1060 1066 non
1089 1000 1306 1093 putavimus

300 1120 403 1187 venae
417 1113 637 1200 sectionem3
649 1112 790 1208 quippe
805 1111 843 1178 in
852 1108 1134 1184 hominesrrmis
1147 1114 1305 1200 viribus,

303 1247 340 1304 et
360 1229 539 1302 laudabili
566 1227 698 1299 babitu
725 1223 913 1324 corporis,
937 1243 973 1299 et
995 1228 1112 1302 rubra
1135 1255 1158 1300 a
1186 1255 1305 1328 puero

303 1373 422 1453 usque
441 1344 532 1418 facie
551 1344 723 1443 praedite,
751 1369 830 1416 non
848 1345 1083 1428 nocituram,
1098 1347 1179 1417 imo
1202 1346 1306 1419 facile

305 1467 380 1537 sive
397 1489 417 1534 a
431 1487 636 1534 nervorum
654 1462 992 1550 contractionibus,
1005 1465 1079 1534 sive
1093 1463 1141 1534 ab
1163 1467 1305 1536 arteria

305 1581 521 1656 dilatatione
551 1579 708 1651 morbus
736 1594 852 1668 esset,
884 1604 929 1649 eo
958 1582 1166 1677 praesertim
1191 1607 1306 1654 verno

304 1715 475 1796 tempore
487 1694 734 1796 profuturam.
748 1702 828 1767 Hoc
846 1699 956 1768 etiam
970 1697 1181 1796 discedenti
1191 1701 1307 1772 incul-

308 1841 408 1889 casse
426 1840 487 1888 me
506 1815 682 1902 memini,
710 1814 740 1884 si
758 1811 944 1911 profuisse
969 1815 1145 1903 sentiret,
1172 1817 1306 1888 iteran-
1357 1821 1358 1824 ’

307 1920 394 2004 dam
422 1947 551 2029 postea
583 1945 669 2001 ante
694 1931 791 2002 veris
821 1928 936 2000 finem
967 1945 1133 2018 curaret3
1166 1947 1208 2003 at
1238 1935 1308 2005 sia
1392 1965 1393 2018 3

309 2053 430 2154 prima
446 2049 609 2136 turbari,
634 2062 696 2118 aut
716 2046 903 2117 debilitari
919 2071 957 2119 se
977 2049 1307 2136 animadverteret,

218 2187 220 2196 ⁴
308 2169 625 2266 praetermitteret,
650 2164 826 2261 idemque
846 2167 885 2234 in
904 2168 1043 2237 ceteris
1061 2167 1245 2239 remediis
1267 2165 1308 2236 f-

313 2300 429 2373 ceret,
445 2309 524 2354 uno
540 2296 694 2379 excepto
711 2298 799 2379 apto
818 2280 1004 2372 videlicet,
1014 2307 1127 2379 quem
1140 2298 1309 2356 accurate

315 2402 723 2486 commendaveramus,
746 2423 872 2469 rerum
890 2424 972 2487 usu,
990 2425 1081 2496 quas
1101 2403 1246 2474 medici
1257 2426 1310 2472 vo

210 2512 211 2516 ¹
314 2524 429 2593 citant
441 2544 518 2589 non
532 2517 728 2588 naturales.
743 2519 862 2614 Igitur
879 2542 964 2588 cum
985 2515 1143 2590 feliciter
1155 2521 1310 2592 domum

316 2663 397 2736 quae
420 2660 498 2706 non
518 2636 567 2704 ita
584 2636 695 2732 longe
710 2634 875 2706 'distabat
898 2637 1149 2733 pervenisset,
1168 2641 1310 2735 primis·

315 2778 389 2851 que
407 2751 721 2825 innocentissimis
735 2752 909 2823 remediis
922 2755 977 2822 uti
992 2755 1183 2850 coepisset,
1200 2783 1221 2828 e
1236 2755 1311 2828 bra·

318 2870 404 2943 chio
424 2883 548 2941 autem
567 2868 719 2940 dextero
744 2871 893 2966 sanguis
909 2873 1044 2942 missus
1063 2887 1160 2943 esset
1187 2874 1236 2943 ad
1255 2897 1312 2945 un·

318 2988 626 3080 ciasocto,visum
643 3000 698 3057 est
708 2987 788 3081 ejus
799 2986 945 3057 medico
957 2989 1052 3059 mitti
1066 3013 1199 3061 rursus
1211 3015 1312 3088 opor·

318 3122 397 3179 tere
418 3115 618 3204 propterca
640 3105 728 3199 quia
747 3120 857 3192 esset,
874 3120 915 3175 ut
934 3098 1100 3192 dicebat,
1120 3108 1311 3195 incensus,

320 3239 466 3296 etcerte
485 3225 604 3319 niger,
619 3247 661 3291 ac
673 3220 780 3291 valde
791 3222 962 3293 viscidus.
979 3223 1053 3294 Ubi
1067 3237 1195 3296 autem
1214 3250 1314 3324 quar·

319 3357 380 3412 tus
401 3341 479 3411 dies
500 3339 665 3426 advenit,
687 3339 844 3434 quodie
870 3341 1114 3412 constituerat
1132 3367 1213 3414 esse
1239 3347 1313 3414 mit·

320 3456 498 3543 tendum,
523 3479 733 3553 repugnare
759 3479 874 3552 aeger,
898 3458 1130 3528 monitorum
1148 3483 1314 3531 meorum

321 3572 473 3643 fortasse
489 3597 654 3661 memor,
671 3597 713 3642 ac
731 3571 976 3662 debilitatem,
996 3599 1109 3671 quam
1125 3580 1315 3676 percipere

323 3715 383 3779 se,
401 3688 534 3775 aiebat,
548 3712 762 3786 opponere;
780 3707 816 3760 et
828 3714 915 3762 sane
934 3691 1080 3764 duabus
1099 3719 1183 3789 quae
1199 3695 1316 3793 proxi·

273 3802 275 3807 ’
320 3833 381 3880 me
400 3814 690 3904 praecesserant,
717 3807 892 3878 noctibus
915 3825 1067 3882 vexatus
1087 3811 1316 3908 aliquantum

322 3922 443 3996 fuerat
468 3922 604 3995 morbo
633 3946 712 3995 suo.
739 3923 810 3996 Sed
835 3951 921 3996 cum
941 3951 989 4014 ea,
1005 3925 1178 4002 debilitas
1199 3952 1314 4027 neque
