2766 4670
246 502 249 507 .
315 432 382 531 178
475 455 522 500 ns
547 449 694 500 snnmos
718 451 763 498 ar
788 447 912 498 cansrs
936 449 1146 499 monacnum

309 567 551 655 moravimuS,
566 567 605 636 in
615 565 690 638 hoc
700 565 782 635 viro
793 564 985 662 suspicari,
996 564 1187 655 cannabis,
1197 592 1303 664 quam

308 685 506 772 tractabat,
524 684 738 783 pulverem,
758 697 799 753 ut
814 680 938 754 fauces
957 683 1161 772 irritando,
1180 686 1302 756 tussim

309 821 347 880 et
366 803 514 878 ardoris
540 825 692 874 sensum
712 801 951 888 excitaverat,
967 801 1018 872 sic
1039 801 1151 874 etiam
1168 804 1207 872 in
1223 803 1303 900 pul-

307 945 441 996 mones
451 918 648 1008 irruendo,
663 935 805 1016 eosque
816 918 913 990 male
923 918 1118 990 multando
1129 945 1140 1006 ;
1153 921 1303 990 maxima

309 1065 356 1114 ex
378 1051 483 1138 parte
505 1036 758 1133 orthopneam
775 1037 968 1108 intulisse:
988 1034 1163 1108 dissectio
1185 1051 1303 1107 tamen

309 1157 417 1229 aliter
430 1154 570 1227 docuit.
588 1155 720 1252 Neque
735 1154 836 1225 enim
854 1152 935 1240 hic,
955 1167 995 1224 ut
1015 1154 1054 1223 in
1068 1153 1134 1224 illo
1148 1153 1303 1226 asthma-

200 1347 204 1374 1
302 1275 405 1362 ¹tico,
425 1274 492 1371 qui
507 1270 656 1370 plumas
666 1269 804 1368 quibus
821 1271 963 1342 culcitae
977 1268 1205 1360 farciuntur,
1220 1271 1306 1342 sole·

309 1390 375 1464 bat
393 1413 414 1462 a
430 1389 577 1462 detritis
589 1388 784 1488 particulis
797 1411 1023 1486 expurgare,
1036 1387 1226 1485 pulmonis
1246 1411 1305 1459 ve·

309 1506 437 1580 siculae
458 1508 618 1578 inventae
645 1519 731 1578 sunt
753 1529 780 1574 a
800 1509 903 1576 tenui
914 1502 1137 1602 plumarum
1155 1504 1305 1604 pulvere

303 1630 459 1724 penitus
476 1624 666 1714 infarctae,
684 1623 780 1694 sicut
796 1620 912 1693 habes
924 1623 963 1692 in
977 1619 1239 1694 additamentis
1262 1621 1304 1693 ad

310 1742 408 1814 hanc
428 1741 635 1826 sectionem
656 1738 745 1836 (1),
768 1738 834 1810 sed
856 1737 952 1809 nihil
978 1739 1049 1811 nisi
1068 1739 1221 1810 macula
1239 1739 1304 1811 illae
1367 1753 1368 1832 ἦ

310 1860 446 1957 nigrae,
460 1881 553 1955 quas
565 1855 735 1930 Valsalva
754 1879 843 1926 cum
859 1868 1078 1953 spectasset,
1097 1857 1251 1928 minime
1263 1855 1304 1928 ad
1367 1887 1368 1894 ¹

309 1976 436 2054 morbi
450 1999 597 2048 causam
607 1974 783 2061 attinere,
797 1974 961 2061 censuit,
979 1974 1121 2072 quippe
1134 1999 1248 2073 quam
1257 2000 1303 2048 sa-
1367 1985 1368 2036 l

307 2095 356 2167 tis
368 2095 467 2168 intra
479 2093 650 2165 cranium
666 2091 828 2188 agnovit.
844 2087 915 2160 Sed
930 2087 1028 2161 hanc
1042 2090 1302 2179 convellendo,

310 2235 360 2284 an
374 2210 599 2286 resolvendo
618 2224 760 2282 tantam
775 2209 877 2280 illam
887 2210 1144 2308 respirationis
1153 2208 1304 2283 difficul·
1367 2259 1368 2285 l

261 2336 263 2350 '
311 2345 427 2404 tatem
443 2330 630 2417 attulisse,
648 2327 841 2400 dicemus?
858 2329 969 2424 Signa
992 2351 1071 2398 non
1094 2326 1234 2400 desunt
1251 2329 1304 2399 ali-

311 2439 426 2546 quot,
444 2470 513 2517 cur
532 2445 756 2518 resolvendo
772 2444 893 2518 videri
904 2458 1027 2543 queat.
1044 2445 1080 2514 Si
1093 2445 1195 2516 enim
1212 2470 1305 2517 reso-

312 2565 411 2636 lutas
431 2561 560 2634 credas
580 2562 804 2662 pulmonum
826 2559 959 2651 fibras;
979 2559 1085 2634 facile
1104 2563 1304 2662 intelliges,

312 2685 385 2760 hos
399 2708 524 2757 aerem
535 2682 721 2781 expellere
740 2709 821 2756 non
834 2685 1017 2782 potuisse,
1031 2709 1153 2783 eoque
1162 2700 1306 2782 praetur-

314 2801 423 2902 gidos
438 2825 516 2874 esse
535 2801 812 2900 deprehensos,
830 2802 997 2901 itemque
1014 2827 1083 2873 cur
1100 2802 1192 2899 opio
1206 2802 1305 2888 dato,

314 2920 465 3019 gravior
487 2917 581 2992 facta
604 2921 652 2992 sit
670 2916 835 3008 affectio,
853 2934 890 2991 et
906 2943 1008 2992 mors
1026 2936 1249 3010 consecuta,
1271 2919 1306 2991 li-
1366 3005 1367 3022 ἶ

313 3036 393 3112 bris
408 3036 582 3110 videlicet
591 3036 723 3109 iisdem
736 3037 854 3136 magis
870 3040 1062 3138 magisque
1072 3038 1203 3111 laxatis
1215 3066 1222 3108 :
1235 3061 1306 3138 qua
1366 3035 1367 3108 l

312 3155 347 3228 si
373 3155 618 3227 convulsione
641 3151 797 3227 fuissent
823 3153 1009 3227 distentae·
1000 3154 1135 3244 3inde,
1152 3171 1306 3255 captura
1366 3163 1367 3184 ¹

315 3269 428 3345 tuisse
444 3272 620 3344 videntur
638 3273 836 3345 utilitatem
855 3275 1001 3372 potius,
1027 3297 1142 3372 quam
1166 3298 1304 3345 noxam.

315 3391 448 3487 Neque
476 3405 652 3464 externus
672 3388 734 3462 ille
762 3390 927 3464 thoracis
955 3405 992 3464 et
1020 3393 1162 3465 ventris
1188 3392 1306 3478 dolor,

316 3507 574 3579 convulsionis
600 3509 717 3605 magis
740 3533 854 3607 quam
883 3509 1099 3583 laxitudinis
1132 3509 1305 3582 indicium

316 3638 416 3712 arat,
433 3624 573 3697 scilicet
591 3623 641 3695 ob
661 3626 829 3702 assiduos
849 3628 1097 3727 ingentesque
1125 3626 1307 3700 musculo-

357 3976 401 4054 (1)
422 3977 495 4035 Oba.
511 3986 542 4052 4,
560 3974 616 4050 s‘a.
