2832 4662
728 140 753 200 Χ

197 425 265 474 tm.
293 423 334 472 ιι.
362 421 409 473 ur
434 419 571 469 uonnrs
597 420 796 487 montom,
820 423 932 474 musr.
958 383 1016 476 nx.
1046 405 1113 506 591

109 553 183 629 est,
197 553 235 610 et
248 563 319 610 sua
336 535 555 609 membrana
573 539 800 608 crassissima
805 537 921 627 facta
928 541 1118 636 detersus,

108 663 199 732 acsi
214 653 439 757 erysipelate
441 656 607 746 fhusent
613 655 753 748 affecti.
763 655 907 728 Videor
915 673 1042 732 autem
1056 662 1118 736 hic

109 775 227 862 mihi,
247 772 457 851 secundum
472 770 701 870 multiplices
718 772 1000 852 observationes
1018 805 1121 868 meas
1136 814 1137 819 ¹

108 891 192 992 queo
212 891 365 991 saepius‚
383 903 422 962 et
437 914 519 988 quae
531 889 654 962 rarius
664 906 885 982 occurrant,
900 898 1117 994 spectando,

108 1035 220 1112 posse
237 1007 381 1082 facilius
402 1006 578 1098 credere,
596 1008 818 1106 crassiorem
835 1017 1118 1090 concretionem

46 1136 50 1147 ⁴
107 1123 506 1214 membranilormem‚
539 1124 787 1224 pulmonibus
820 1127 1058 1228 impositam,
1098 1162 1120 1209 a

107 1244 344 1320 Guarinonio
369 1241 483 1318 fuisse
509 1259 779 1342 conspectam:
810 1271 881 1318 nec
909 1250 990 1326 sine
1013 1257 1119 1330 omni

107 1364 323 1464 suspicione
341 1385 446 1449 sum,
462 1362 747 1432 concretionem
760 1357 916 1439 fortasse
932 1368 1119 1464 ejusdem·

107 1481 234 1571 modi,
264 1479 330 1554 sed
352 1478 568 1552 tenuiorem
597 1472 731 1567 fuisse,
762 1503 845 1576 que
870 1487 1071 1586 supra(1)
1097 1516 1119 1564 a

107 1598 280 1673 Valsalva
297 1596 397 1669 dicta
412 1609 467 1670 est
478 1593 700 1668 membrana
717 1596 854 1668 extima
870 1622 893 1670 a
908 1597 1008 1673 duro
1021 1608 1119 1680 senis

108 1718 291 1818 pulmone
305 1712 481 1786 facillime
496 1709 723 1810 separabilis.
1123 1719 1125 1723 ’

158 1835 217 1911 38.
243 1832 316 1907 Sed
332 1848 377 1906 tu
402 1834 520 1932 magis
543 1829 698 1906 fortasse
723 1857 809 1906 oves
836 1835 958 1930 scire,⁴
983 1843 1118 1914 curin

107 1951 337 2054 quibusdam
365 1975 411 2024 ex
439 1967 635 2052 postremo
657 1951 776 2024 allatis
795 1955 1120 2054 peripneumonia

107 2072 274 2146 historiis
281 2069 467 2142 nonnulla
478 2070 691 2169 pleuritidis
699 2070 839 2164 indicia
852 2069 1011 2164 fuerint,
1023 2081 1114 2150 utin

105 2190 234 2288 priore
249 2188 389 2284 juvene
405 2210 578 2286 pungens
599 2187 729 2276 dolor,
753 2189 795 2258 in
817 2206 1045 2266 senectutem
1067 2194 1115 2268 tle

108 2318 291 2404 quo-ante
319 2305 446 2402 ipsum
477 2306 648 2404 proxime
677 2307 860 2404 scriptum
881 2323 953 2398 est,
980 2313 1115 2410 pulsus
1161 2295 1206 2388 't

105 2422 252 2497 durus?
269 2422 438 2504 Primum
453 2423 587 2524 igitur,
612 2423 716 2522 quod
732 2423 783 2499 etl
795 2441 1030 2524 pungentem
1050 2423 1130 2503 doss‘

106 2541 227 2615 lorem
247 2540 397 2630 attinet,
426 2541 479 2614 sio
495 2540 657 2632 habeto,
680 2540 749 2640 qui
767 2543 867 2616 inter
884 2548 1113 2624 recentiores
1226 2553 1227 2564 ’

104 2655 217 2731 docte
232 2671 346 2757 atque
365 2661 559 2758 ingeniose
575 2683 647 2760 pro
658 2674 784 2734 vetere
798 2661 1009 2760 pleuritidis
1024 2669 1113 2744 sede

106 2789 311 2867 steterunt,
347 2774 407 2847 vel
429 2775 532 2872 ipsos
560 2799 641 2847 non
669 2799 792 2848 unum
816 2777 974 2852 modum
1009 2781 1113 2855 ultro

105 2915 337 2992 agnoscere,
364 2905 402 2964 et
423 2889 618 2988 proferre,
643 2914 742 2988 quo,
760 2893 849 2965 solis
864 2897 1114 2999 pulmonibus

105 3009 360 3104 inflammetis,
377 3007 557 3081 molestus
577 3002 688 3080 dolor
697 3054 713 3096 ,ι
723 3024 836 3108 atque
855 3010 966 3082 etiam
978 3029 1112 3089 acutus

107 3128 253 3227 percipi
266 3141 399 3227 queat:
418 3127 648 3225 eosdemque
658 3127 814 3200 mittime
824 3125 1110 3230 diffiteri‚pleu·

106 3244 278 3334 ritidem,
296 3243 467 3323 absolute
487 3243 705 3343 loquendo,
731 3243 874 3344 absque
889 3245 963 3319 hoc
978 3247 1110 3325 dolore

107 3377 219 3438 acuto
239 3363 538 3462 punctorio,·rel
553 3361 684 3435 saltem
701 3362 776 3435 levi
790 3377 938 3436 tantum
960 3368 1112 3441 comita·
1158 3350 1159 3353 Ἴ

107 3494 185 3552 tam
200 3503 281 3555 esse
292 3505 401 3580 posse
415 3507 423 3552 ε
439 3505 608 3580 vquorum
618 3481 793 3552 omniurn
805 3478 861 3554 fae
878 3484 1111 3576 meminerim

108 3621 196 3670 vera
212 3599 313 3671 euim
326 3614 430 3691 sunt,
447 3615 485 3674 et
500 3621 589 3672 cum
599 3597 797 3688 ventre,
813 3601 1027 3702 nostrisque
1043 3601 1115 3675 ob·-

150 3968 195 4056 (¹)
215 3898 253 4030 ui
270 3973 319 4030 33.
