2750 4658
147 403 222 450 ΠΒ.
250 395 291 448 ss·
319 401 367 448 BE
392 398 529 448 Monnrs
554 399 749 465 rfloaacls,
775 401 886 448 nrtsr.
903 404 986 460 XXVI·
1016 407 1081 454 221

63 512 177 586 bene
197 513 397 584 Willisium
417 512 638 610 explicasse,
657 536 744 584 cum
763 515 802 583 in
829 515 972 587 morbis
990 543 1085 614 quq-

63 656 149 728 que
176 631 262 702 aliis
281 630 382 702 idem
404 627 480 702 fere
501 628 670 702 accidere
700 629 934 704 adnotaverit
955 635 1083 706 lauda-

64 762 132 818 tus
145 750 383 818 Reimannus
397 744 471 842 (ι),
489 744 628 843 quibus
642 746 681 817 in
694 745 838 818 morbis
851 748 1084 822 animadver-

66 879 110 935 to
144 862 353 961 pulmones
380 864 521 961 premi,
545 877 582 934 et
610 855 801 959 sanguinis
826 888 894 961 per
919 891 984 938 eos
1009 869 1086 941 vias

69 981 313 1076 constringi,
338 995 403 1051 aut
423 978 599 1078 impediri
616 981 802 1077 potuisse,
821 982 980 1056 uthica
998 984 1086 1058 lecti

68 1100 208 1170 calore
225 1121 304 1168 non
326 1119 431 1168 secus
452 1111 564 1193 atque
586 1121 607 1166 a
629 1099 798 1194 corporis
819 1101 1086 1176 exercitatione

68 1231 257 1316 turgens,
276 1212 493 1314 pulmones,
510 1213 613 1284 ineo
630 1216 834 1311 praesertim
854 1221 1025 1315 corporis
1038 1223 1085 1293 εἰ·4

70 1351 141 1423 tu,
168 1349 365 1432 permeare
387 1356 466 1402 non
490 1329 662 1402 valuerit.
683 1331 794 1421 Quod
819 1333 850 1404 si
870 1359 979 1408 causa
1002 1362 1084 1436 pre·

69 1474 208 1538 menS,
229 1463 293 1521 aut
311 1449 591 1546 constringens,
611 1447 672 1524 vel
691 1449 720 1520 si
739 1449 923 1522 arctandae
940 1454 979 1523 in
997 1456 1086 1552 pul*

71 1566 262 1640 monibus
275 1567 360 1663 viae,
371 1565 432 1637 vel
448 1565 614 1664 denique
628 1565 659 1637 si
675 1567 900 1640 transiturus
912 1574 1083 1668 sanguis,

74 1687 106 1756 si
123 1684 228 1774 haec,
247 1684 418 1782 inquam,
434 1685 583 1770 omnia,
603 1697 667 1752 aut
686 1683 867 1779 pleraque
879 1711 958 1756 non
975 1689 1024 1759 ita
1045 1715 1084 1764 se

73 1801 264 1887 habeant,
292 1815 334 1872 ut
351 1799 392 1870 id
415 1798 523 1895 sequi
545 1797 700 1886 debeat;
725 1823 804 1870 non
833 1800 948 1874 modo
974 1806 1085 1880 iniis

74 1917 246 2007 morbis,
266 1917 338 1989 sed.
350 1940 475 2014 neque
496 1913 537 1986 in
553 1913 718 1986 thoracis
743 1915 915 2016 hydrope
940 1920 1084 1997 cubans

76 2062 178 2136 aeger
195 2036 329 2134 primis
341 2034 465 2107 somni
479 2032 585 2104 horis
599 2030 646 2103 ab
663 2033 862 2130 ingruente
875 2033 1086 2112 suffocatio«

75 2157 138 2227 nis
154 2153 330 2252 periculo
357 2150 588 2225 excitabitur.
614 2155 746 2248 Itaque
771 2153 966 2252 intelligis,
982 2174 1083 2232 recte

79 2272 123 2343 cl.
145 2270 398 2342 Helwichium
419 2267 473 2366 (a)
490 2265 701 2356 monuisse,
728 2293 838 2341 exeo
861 2271 964 2367 quod
989 2299 1085 2374 aeger

79 2415 161 2461 non
175 2389 230 2461 sic
242 2389 442 2476 excitetur,
454 2388 608 2458 minime
624 2388 804 2484 consequi
815 2386 987 2489 hydrope
1003 2393 1090 2467 tho·.
1170 2403 1172 2410 '

77 2508 179 2580 racis
193 2529 274 2577 non
291 2504 481 2576 laborare:
496 2520 533 2578 et
543 2529 631 2578 sane
643 2504 691 2576 ad
701 2504 981 2583 observationes
990 2537 1084 2609 quas

77 2626 161 2724 ipse
178 2623 335 2712 indicat,
354 2622 432 2693 aliae
450 2621 538 2694 addi
557 2623 721 2721 possint,
738 2625 999 2725 imprimisque
1016 2657 1085 2704 no-.

77 2741 168 2814 bilis
183 2739 470 2812 adolescentula
488 2737 542 2837 (3)
561 2742 622 2812 cui
638 2764 788 2812 somnus
792 2743 972 2840 prolixus
983 2764 1082 2840 erat,
1136 2760 1139 2765 '

79 2874 116 2932 et
137 2865 178 2929 in
199 2857 355 2929 multam
373 2855 491 2929 lucem
508 2856 736 2955 productus,
755 2873 793 2930 et
812 2865 995 2935 senatoris
1012 2870 1082 2938 Po·

78 2978 163 3048 loni
178 2975 235 3073 (Δ)
249 2976 310 3047 cui
325 2973 432 3046 nulla
450 2988 533 3046 erat
544 2979 666 3044 somni
680 2999 762 3044 cum
772 2977 945 3072 periculo
963 2983 1081 3072 suffo-

78 3098 245 3165 cationis
254 3097 548 3189 interruptio.,‘et
558 3091 908 3188 plurimumtamen
925 3118 1029 3192 aquae
1042 3100 1082 3170 in

78 3212 284 3308 utriusque
302 3207 456 3282 thorace
479 3223 672 3306 repertum
691 3221 755 3280 est.
782 3209 963 3308 Intelligis
984 3239 1083 3312 quo-

81 3423 1085 3452 mm

122 3588 168 3667 (1)
189 3587 264 3645 Oba.
280 3606 335 3660 17⁰
347 3587 399 3646 cit.

123 3706 167 3784 (a)
189 3703 266 3781 Eph.
279 3708 318 3763 N.
331 3707 364 3763 C.
377 3706 463 3764 Ceut.
478 3720 533 3775 10,
546 3703 611 3761 obs.
626 3705 674 3764 32.

124 3783 778 3899 (3)Sepulchr.1.2,s.2,0bs.3insch0i.
827 3875 831 3882 ,
928 3863 929 3868 1
961 3883 964 3886 Ι
1000 3880 1003 3884 ,

124 3935 169 4016 (4)
188 3939 353 3998 fimeto·
365 3936 435 4000 Litt.
451 3955 490 3996 an
508 3939 599 4012 1733,
615 3937 712 4000 Hebd.
732 3956 784 4011 11,
801 3955 831 3995 n.
848 3953 875 3995 a.
1026 3965 1030 3972 ·
