2750 4658
273 371 344 446 256
437 393 485 442 oe
512 389 657 440 semme
681 391 726 437 m
752 386 876 436 cmsrs
902 387 1111 438 uonnonou

270 531 392 610 genue
408 506 533 605 ipsum
551 507 591 575 in
608 502 696 575 libri
711 500 838 576 fronte
858 499 972 575 fuisse
989 518 1184 593 testatum,
1199 527 1280 576 am·

270 633 337 698 nia
356 649 435 697 esse
453 622 618 721 ejusdem
636 626 822 709 auctoris,
841 619 999 718 Fa'llopii
1019 620 1217 711 videlicet,
1235 622 1281 694 ab

271 769 310 816 se
339 757 463 814 autem
488 743 566 838 ejus
598 738 779 837 discipulo
808 763 858 809 ex
874 737 1103 834 fidelissimo
1131 739 1280 828 codice,

273 861 362 933 dum
382 861 445 932 ille
463 884 509 932 ea
516 857 931 956 publiceprofiteretur,
951 853 1279 953 deson'ptafuisse:

234 1035 236 1044 s
271 981 440 1076 itemque
465 975 597 1048 iisdem
619 973 691 1044 illis
718 971 1046 1046 observationibus
1069 971 1175 1044 hunc
1195 975 1281 1046 tint

270 1099 373 1184 lum,
394 1117 463 1167 suo
478 1094 566 1164 loco
586 1089 806 1190 praefixisse:
840 1091 1121 1162 Observationes
1148 1105 1280 1164 anato-

161 1299 165 1312 ,
274 1221 380 1286 mica
410 1209 592 1283 Gabrielis
619 1207 791 1306 Fallopii
813 1233 839 1278 a
863 1213 1065 1280 Francisco
1089 1208 1280 1299 Michera,

275 1331 323 1403 de
342 1335 376 1402 S.
395 1326 654 1424 Archangelo‘,
667 1326 732 1397 illo
752 1325 937 1414 dictante,
958 1325 1165 1424 descriptae.
1185 1327 1279 1402 Illud

274 1477 296 1522 a
312 1447 483 1521 Michino
500 1445 688 1544 adjectum
710 1460 766 1517 est
790 1443 895 1542 quod
919 1445 1019 1516 inter
1053 1445 1230 1542 quintam
1247 1461 1279 1518 et

276 1577 417 1637 sextam
442 1549 746 1632 observationem
766 1563 806 1632 in
835 1562 915 1658 ejus
940 1561 1095 1660 quidem
1116 1562 1279 1636 editione

276 1679 325 1752 ad
341 1678 445 1749 hunc
460 1678 617 1749 modum
638 1678 796 1775 legitur:
813 1682 907 1750 Hac
924 1685 1052 1750 omnia
1062 1705 1146 1751 cum
1164 1696 1205 1750 et
1218 1705 1277 1776 ego

275 1796 469 1882 uidissem,
492 1810 528 1866 et
545 1797 791 1868 observassem
814 1802 853 1866 ia
872 1821 947 1868 uno
963 1820 1009 1867 ac
1027 1795 1150 1868 altero
1170 1797 1277 1870 cada·

278 1941 360 1988 vere
384 1939 428 1985 eo
457 1938 558 2036 “emm
594 1911 687 2002 1554
711 1929 748 1984 et
764 1921 802 1984 in
811 1920 989 2012 privata,
1017 1930 1054 1986 et
1074 1921 1113 1986 in
1123 1916 1277 2014 pubfica

277 2047 471 2118 anatome,
486 2057 600 2130 quarn
613 2036 749 2119 secuit,
766 2037 954 2120 narravit,
975 2057 1023 2103 ac
1033 2033 1199 2104 ostendit
1209 2059 1277 2104 eru·

214 2179 217 2196 f
276 2150 473 2222 ditissimus
503 2148 722 2249 Fallopius,·
749 2149 833 2220 ideo
861 2149 916 2220 ad
927 2131 1151 2241 faciliorem
1174 2152 1277 2249 hujus
1305 2175 1309 2182 ’

276 2273 448 2340 veritatis
463 2273 709 2363 cognitionem
727 2267 836 2338 nolzd
852 2292 1045 2366 apponere
1061 2269 1202 2340 karum
1219 2293 1274 2339 oe-

276 2410 413 2456 narum
438 2387 610 2480 figuram
645 2367 875 2456 delineatam
906 2387 956 2456 ab
993 2390 1275 2483 ingeniosissimo

277 2504 465 2574 mila'tunc
474 2501 727 2600 condiscipula
739 2505 934 2600 Moybano
945 2529 1140 2602 germano.
1151 2511 1274 2590 Hunc,

274 2624 457 2690 loannem
472 2620 580 2709 illum
591 2622 843 2719 Moybanum,
864 2623 1056 2696 eruditum
1073 2623 1275 2708 medicum,

278 2734 391 2831 fuisse
408 2738 597 2829 existimo,
618 2743 686 2836 qui
701 2755 816 2831 tunc,
836 2742 931 2813 sicut
945 2766 990 2815 ex
1002 2739 1240 2837 Mercklino(
1261 2737 1274 2835 )

277 2852 386 2925 facile
402 2855 574 2953 colliges,
594 2882 736 2928 annum
751 2856 884 2955 agebat
901 2857 1273 2958 duodetrigesimum,

277 2989 426 3044 utcum
446 2972 615 3047 Michino
634 2976 678 3046 iis
698 2974 854 3073 Fallopii
873 2973 1164 3047 dissectionihus
1184 2977 1273 3045 into.

278 3115 379 3164 resse
392 3093 575 3188 potuerit,
591 3107 628 3164 et
646 3091 824 3189 magistro
841 3107 992 3190 petente
1009 3094 1160 3177 iconem
1179 3092 1272 3163 illam

279 3207 489 3298 delineare,
507 3236 620 3307 quam
638 3211 737 3282 inter
759 3209 828 3282 has
843 3209 1125 3302 obseruationes
1139 3213 1179 3282 in
1199 3209 1271 3280 Fal·

278 3326 371 3423 lopii
404 3327 583 3424 operibus
616 3326 821 3418 habemus,
850 3327 1043 3418 eamdem,
1070 3330 1143 3404 nisi
1174 3325 1270 3426 quod

277 3442 399 3514 multo
418 3447 544 3515 minor
570 3460 647 3534 est,
670 3470 784 3545 quam
802 3449 971 3546 apposita
990 3471 1012 3517 a
1034 3445 1213 3518 Michino.
1230 3449 1270 3514 Et

277 3563 356 3660 ipse
374 3577 501 3636 tamen
525 3563 738 3654 Michinus,
755 3566 925 3664 inquies,
941 3563 1021 3638 haec
1043 3565 1138 3638 vidit
1153 3578 1189 3638 et
1208 3561 1267 3632 oh·

311 3933 355 4014 (ι)
376 3939 413 3994 In
429 3936 554 3993 Linden.
575 3955 678 3994 renov.
