<?xml version="1.0" encoding="UTF-8"?>
<!DOCTYPE html PUBLIC "-//W3C//DTD XHTML 1.0 Transitional//EN"
    "http://www.w3.org/TR/xhtml1/DTD/xhtml1-transitional.dtd">
<html xmlns="http://www.w3.org/1999/xhtml" xml:lang="en" lang="en">
 <head>
  <title>
</title>
<meta http-equiv="Content-Type" content="text/html;charset=utf-8" />
  <meta name='ocr-system' content='tesseract 3.04.00' />
  <meta name='ocr-capabilities' content='ocr_page ocr_carea ocr_par ocr_line ocrx_word'/>
</head>
<body>
  <div class='ocr_page' id='page_1' title='image "./desedibusetcaus00chaugoog_0038.png"; bbox 0 0 2842 4672; ppageno 0'>
   <div class='ocr_carea' id='block_1_1' title="bbox 102 427 1199 3093">
    <p class='ocr_par' dir='ltr' id='par_1_1' title="bbox 102 427 1199 2174">
     <span class='ocr_line' id='line_1_1' title="bbox 211 427 1117 509; baseline 0.004 -27"><span class='ocrx_word' id='word_1_1' title='bbox 211 435 282 482; x_wconf 82' lang='lat' dir='ltr'>mn.</span> <span class='ocrx_word' id='word_1_2' title='bbox 310 433 336 480; x_wconf 90' lang='lat'>1.</span> <span class='ocrx_word' id='word_1_3' title='bbox 364 427 895 494; x_wconf 71' lang='lat' dir='ltr'>nunonmscnn1ms‚u1³1sn.</span> <span class='ocrx_word' id='word_1_4' title='bbox 924 432 1004 482; x_wconf 83' lang='lat' dir='ltr'>x111.</span> <span class='ocrx_word' id='word_1_5' title='bbox 1070 432 1117 509; x_wconf 73' lang='lat'>29</span> 
     </span>
     <span class='ocr_line' id='line_1_2' title="bbox 102 545 1115 644; baseline 0 -22"><span class='ocrx_word' id='word_1_6' title='bbox 102 552 141 622; x_wconf 87' lang='lat' dir='ltr'>in</span> <span class='ocrx_word' id='word_1_7' title='bbox 161 545 291 621; x_wconf 81' lang='lat' dir='ltr'>medio</span> <span class='ocrx_word' id='word_1_8' title='bbox 309 546 578 644; x_wconf 86' lang='lat' dir='ltr'><strong>relinquimus:</strong></span> <span class='ocrx_word' id='word_1_9' title='bbox 597 546 800 617; x_wconf 90' lang='lat' dir='ltr'>novissime</span> <span class='ocrx_word' id='word_1_10' title='bbox 820 548 909 644; x_wconf 86' lang='lat' dir='ltr'>quia</span> <span class='ocrx_word' id='word_1_11' title='bbox 928 549 979 620; x_wconf 90' lang='lat' dir='ltr'>sic</span> <span class='ocrx_word' id='word_1_12' title='bbox 994 551 1115 622; x_wconf 85' lang='lat' dir='ltr'>varias</span> 
     </span>
     <span class='ocr_line' id='line_1_3' title="bbox 104 660 1117 761; baseline 0.001 -24"><span class='ocrx_word' id='word_1_13' title='bbox 104 667 191 737; x_wconf 82' lang='lat' dir='ltr'>caeci</span> <span class='ocrx_word' id='word_1_14' title='bbox 209 664 312 737; x_wconf 84' lang='lat' dir='ltr'>oculi</span> <span class='ocrx_word' id='word_1_15' title='bbox 330 690 352 735; x_wconf 88' lang='lat' dir='ltr'>a</span> <span class='ocrx_word' id='word_1_16' title='bbox 367 664 478 735; x_wconf 71' lang='lat' dir='ltr'>viriis</span> <span class='ocrx_word' id='word_1_17' title='bbox 493 660 804 761; x_wconf 89' lang='lat' dir='ltr'>dispositionibus</span> <span class='ocrx_word' id='word_1_18' title='bbox 824 665 989 736; x_wconf 88' lang='lat' dir='ltr'>causisve</span> <span class='ocrx_word' id='word_1_19' title='bbox 1011 691 1117 739; x_wconf 91' lang='lat' dir='ltr'>cons·</span> 
     </span>
     <span class='ocr_line' id='line_1_4' title="bbox 104 778 1116 881; baseline -0.001 -26"><span class='ocrx_word' id='word_1_20' title='bbox 104 785 302 855; x_wconf 86' lang='lat' dir='ltr'>titutiones</span> <span class='ocrx_word' id='word_1_21' title='bbox 314 781 548 879; x_wconf 84' lang='lat' dir='ltr'>aspeximus,</span> <span class='ocrx_word' id='word_1_22' title='bbox 565 804 659 878; x_wconf 91' lang='lat' dir='ltr'>quas</span> <span class='ocrx_word' id='word_1_23' title='bbox 667 804 754 850; x_wconf 89' lang='lat' dir='ltr'>cum</span> <span class='ocrx_word' id='word_1_24' title='bbox 768 780 848 851; x_wconf 88' lang='lat' dir='ltr'>aliis</span> <span class='ocrx_word' id='word_1_25' title='bbox 862 778 1034 854; x_wconf 84' lang='lat' dir='ltr'>conferre</span> <span class='ocrx_word' id='word_1_26' title='bbox 1049 809 1116 881; x_wconf 92' lang='lat' dir='ltr'>po-</span> 
     </span>
     <span class='ocr_line' id='line_1_5' title="bbox 106 897 1117 996; baseline 0 -23"><span class='ocrx_word' id='word_1_27' title='bbox 106 902 196 973; x_wconf 82' lang='lat' dir='ltr'>teris</span> <span class='ocrx_word' id='word_1_28' title='bbox 216 901 294 972; x_wconf 87' lang='lat' dir='ltr'>sive</span> <span class='ocrx_word' id='word_1_29' title='bbox 322 922 418 996; x_wconf 89' lang='lat' dir='ltr'>quas</span> <span class='ocrx_word' id='word_1_30' title='bbox 440 897 530 969; x_wconf 83' lang='lat' dir='ltr'>alias</span> <span class='ocrx_word' id='word_1_31' title='bbox 557 912 622 968; x_wconf 86' lang='lat' dir='ltr'>aut</span> <span class='ocrx_word' id='word_1_32' title='bbox 647 898 915 995; x_wconf 87' lang='lat' dir='ltr'>proposuimus</span> <span class='ocrx_word' id='word_1_33' title='bbox 937 899 1026 996; x_wconf 85' lang='lat'>(1),</span> <span class='ocrx_word' id='word_1_34' title='bbox 1051 917 1117 974; x_wconf 89' lang='lat' dir='ltr'>aut</span> 
     </span>
     <span class='ocr_line' id='line_1_6' title="bbox 106 1014 1117 1117; baseline 0.003 -29"><span class='ocrx_word' id='word_1_35' title='bbox 106 1026 369 1117; x_wconf 89' lang='lat' dir='ltr'>proponemus</span> <span class='ocrx_word' id='word_1_36' title='bbox 386 1015 461 1113; x_wconf 73' lang='grc' dir='ltr'>(ι),</span> <span class='ocrx_word' id='word_1_37' title='bbox 477 1017 553 1088; x_wconf 92' lang='lat' dir='ltr'>sive</span> <span class='ocrx_word' id='word_1_38' title='bbox 574 1039 666 1112; x_wconf 86' lang='lat' dir='ltr'>quas</span> <span class='ocrx_word' id='word_1_39' title='bbox 683 1014 791 1104; x_wconf 84' lang='lat' dir='ltr'>alibi,</span> <span class='ocrx_word' id='word_1_40' title='bbox 817 1032 853 1087; x_wconf 90' lang='lat' dir='ltr'>et</span> <span class='ocrx_word' id='word_1_41' title='bbox 878 1018 1117 1114; x_wconf 92' lang='lat' dir='ltr'>potissimum</span> 
     </span>
     <span class='ocr_line' id='line_1_7' title="bbox 105 1131 1113 1236; baseline 0.004 -30"><span class='ocrx_word' id='word_1_42' title='bbox 105 1131 144 1207; x_wconf 86' lang='lat' dir='ltr'>in</span> <span class='ocrx_word' id='word_1_43' title='bbox 164 1134 416 1234; x_wconf 86' lang='lat' dir='ltr'>Sepulchreto</span> <span class='ocrx_word' id='word_1_44' title='bbox 430 1134 554 1233; x_wconf 86' lang='lat' dir='ltr'>leges,</span> <span class='ocrx_word' id='word_1_45' title='bbox 577 1149 729 1232; x_wconf 87' lang='lat' dir='ltr'>utputa</span> <span class='ocrx_word' id='word_1_46' title='bbox 748 1159 835 1205; x_wconf 88' lang='lat' dir='ltr'>cum</span> <span class='ocrx_word' id='word_1_47' title='bbox 854 1135 894 1205; x_wconf 91' lang='lat' dir='ltr'>in</span> <span class='ocrx_word' id='word_1_48' title='bbox 914 1160 1034 1234; x_wconf 88' lang='lat' dir='ltr'>puero</span> <span class='ocrx_word' id='word_1_49' title='bbox 1050 1137 1113 1236; x_wconf 81' lang='lat'>(3)</span> 
     </span>
     <span class='ocr_line' id='line_1_8' title="bbox 106 1251 1199 1352; baseline 0.002 -28"><span class='ocrx_word' id='word_1_50' title='bbox 106 1277 237 1324; x_wconf 88' lang='lat' dir='ltr'>omnes</span> <span class='ocrx_word' id='word_1_51' title='bbox 253 1253 426 1324; x_wconf 81' lang='lat' dir='ltr'>humores</span> <span class='ocrx_word' id='word_1_52' title='bbox 455 1256 493 1320; x_wconf 88' lang='lat' dir='ltr'>in</span> <span class='ocrx_word' id='word_1_53' title='bbox 520 1251 713 1322; x_wconf 86' lang='lat' dir='ltr'>sebaceam</span> <span class='ocrx_word' id='word_1_54' title='bbox 735 1257 932 1322; x_wconf 84' lang='lat' dir='ltr'>materiam</span> <span class='ocrx_word' id='word_1_55' title='bbox 950 1262 1116 1328; x_wconf 76' lang='lat' dir='ltr'>conversi</span> <span class='ocrx_word' id='word_1_56' title='bbox 1196 1343 1199 1352; x_wconf 67' lang='lat'>.</span> 
     </span>
     <span class='ocr_line' id='line_1_9' title="bbox 106 1367 1118 1469; baseline 0.002 -27"><span class='ocrx_word' id='word_1_57' title='bbox 106 1371 252 1469; x_wconf 84' lang='lat' dir='ltr'>reperti</span> <span class='ocrx_word' id='word_1_58' title='bbox 266 1384 371 1459; x_wconf 89' lang='lat' dir='ltr'>sunt,</span> <span class='ocrx_word' id='word_1_59' title='bbox 389 1384 454 1441; x_wconf 83' lang='lat' dir='ltr'>aut</span> <span class='ocrx_word' id='word_1_60' title='bbox 474 1369 616 1439; x_wconf 90' lang='lat' dir='ltr'>cumin</span> <span class='ocrx_word' id='word_1_61' title='bbox 637 1367 765 1440; x_wconf 90' lang='lat' dir='ltr'>bestiis</span> <span class='ocrx_word' id='word_1_62' title='bbox 789 1368 859 1467; x_wconf 73' lang='grc'>(4)</span> <span class='ocrx_word' id='word_1_63' title='bbox 887 1370 1000 1443; x_wconf 89' lang='lat' dir='ltr'>modo</span> <span class='ocrx_word' id='word_1_64' title='bbox 1019 1372 1118 1444; x_wconf 85' lang='lat' dir='ltr'>null&#39;</span> 
     </span>
     <span class='ocr_line' id='line_1_10' title="bbox 108 1479 1113 1584; baseline 0.006 -25"><span class='ocrx_word' id='word_1_65' title='bbox 108 1489 301 1577; x_wconf 79' lang='lat' dir='ltr'>humores,</span> <span class='ocrx_word' id='word_1_66' title='bbox 321 1487 389 1558; x_wconf 85' lang='lat' dir='ltr'>sed</span> <span class='ocrx_word' id='word_1_67' title='bbox 402 1511 515 1559; x_wconf 85' lang='lat' dir='ltr'>carne</span> <span class='ocrx_word' id='word_1_68' title='bbox 530 1486 696 1584; x_wconf 88' lang='lat' dir='ltr'>quadam</span> <span class='ocrx_word' id='word_1_69' title='bbox 713 1485 857 1556; x_wconf 85' lang='lat' dir='ltr'>callosa</span> <span class='ocrx_word' id='word_1_70' title='bbox 878 1479 1113 1565; x_wconf 87' lang='lat' dir='ltr'>interstitium</span> 
     </span>
     <span class='ocr_line' id='line_1_11' title="bbox 109 1603 1112 1703; baseline 0.007 -28"><span class='ocrx_word' id='word_1_71' title='bbox 109 1611 206 1676; x_wconf 86' lang='lat' dir='ltr'>inter</span> <span class='ocrx_word' id='word_1_72' title='bbox 230 1630 405 1676; x_wconf 86' lang='lat' dir='ltr'>corneam</span> <span class='ocrx_word' id='word_1_73' title='bbox 430 1620 468 1675; x_wconf 89' lang='lat' dir='ltr'>et</span> <span class='ocrx_word' id='word_1_74' title='bbox 490 1603 744 1699; x_wconf 78' lang='lat' dir='ltr'>crystallinum</span> <span class='ocrx_word' id='word_1_75' title='bbox 768 1604 980 1703; x_wconf 84' lang='lat' dir='ltr'>oppletum,</span> <span class='ocrx_word' id='word_1_76' title='bbox 998 1610 1112 1682; x_wconf 89' lang='lat' dir='ltr'>modo</span> 
     </span>
     <span class='ocr_line' id='line_1_12' title="bbox 110 1721 1111 1821; baseline 0.005 -27"><span class='ocrx_word' id='word_1_77' title='bbox 110 1721 345 1816; x_wconf 82' lang='lat' dir='ltr'>crystallinus</span> <span class='ocrx_word' id='word_1_78' title='bbox 357 1721 480 1821; x_wconf 88' lang='lat' dir='ltr'>plane</span> <span class='ocrx_word' id='word_1_79' title='bbox 505 1747 586 1793; x_wconf 89' lang='lat' dir='ltr'>cum</span> <span class='ocrx_word' id='word_1_80' title='bbox 606 1746 743 1792; x_wconf 86' lang='lat' dir='ltr'>cornea</span> <span class='ocrx_word' id='word_1_81' title='bbox 765 1746 971 1813; x_wconf 80' lang='lat' dir='ltr'>connexus,</span> <span class='ocrx_word' id='word_1_82' title='bbox 998 1728 1111 1799; x_wconf 90' lang='lat' dir='ltr'>modo</span> 
     </span>
     <span class='ocr_line' id='line_1_13' title="bbox 111 1840 1113 1937; baseline 0.009 -27"><span class='ocrx_word' id='word_1_83' title='bbox 111 1840 348 1937; x_wconf 76' lang='lat' dir='ltr'>albugineus,</span> <span class='ocrx_word' id='word_1_84' title='bbox 368 1841 562 1912; x_wconf 86' lang='lat' dir='ltr'>induratus</span> <span class='ocrx_word' id='word_1_85' title='bbox 586 1845 783 1936; x_wconf 87' lang='lat' dir='ltr'>apparuit,</span> <span class='ocrx_word' id='word_1_86' title='bbox 799 1844 1003 1936; x_wconf 83' lang='lat' dir='ltr'>praesertim</span> <span class='ocrx_word' id='word_1_87' title='bbox 1022 1871 1113 1919; x_wconf 87' lang='lat' dir='ltr'>vero</span> 
     </span>
     <span class='ocr_line' id='line_1_14' title="bbox 111 1957 1113 2055; baseline 0.006 -25"><span class='ocrx_word' id='word_1_88' title='bbox 111 1957 177 2030; x_wconf 84' lang='lat' dir='ltr'>ubi</span> <span class='ocrx_word' id='word_1_89' title='bbox 197 1960 341 2031; x_wconf 85' lang='lat' dir='ltr'>caecitas</span> <span class='ocrx_word' id='word_1_90' title='bbox 362 1974 457 2032; x_wconf 89' lang='lat' dir='ltr'>esset</span> <span class='ocrx_word' id='word_1_91' title='bbox 474 1980 562 2029; x_wconf 81' lang='lat' dir='ltr'>eum</span> <span class='ocrx_word' id='word_1_92' title='bbox 589 1957 706 2055; x_wconf 89' lang='lat' dir='ltr'>optici</span> <span class='ocrx_word' id='word_1_93' title='bbox 725 1957 832 2027; x_wconf 87' lang='lat' dir='ltr'>nervi</span> <span class='ocrx_word' id='word_1_94' title='bbox 850 1963 1113 2036; x_wconf 81' lang='lat' dir='ltr'>extenuatione</span> 
     </span>
     <span class='ocr_line' id='line_1_15' title="bbox 112 2078 326 2174; baseline 0.005 -27"><span class='ocrx_word' id='word_1_95' title='bbox 112 2078 326 2174; x_wconf 86' lang='lat' dir='ltr'>conjuncta&#39;.</span> 
     </span>
    </p>

    <p class='ocr_par' dir='ltr' id='par_1_2' title="bbox 111 2190 1113 3093">
     <span class='ocr_line' id='line_1_16' title="bbox 161 2190 1112 2291; baseline 0.002 -25"><span class='ocrx_word' id='word_1_96' title='bbox 161 2219 215 2266; x_wconf 93' lang='lat'>11.</span> <span class='ocrx_word' id='word_1_97' title='bbox 228 2195 345 2291; x_wconf 88' lang='lat' dir='ltr'>Cujus</span> <span class='ocrx_word' id='word_1_98' title='bbox 354 2195 478 2265; x_wconf 87' lang='lat' dir='ltr'>ultimi</span> <span class='ocrx_word' id='word_1_99' title='bbox 488 2193 635 2291; x_wconf 85' lang='lat' dir='ltr'>generis</span> <span class='ocrx_word' id='word_1_100' title='bbox 643 2190 714 2261; x_wconf 85' lang='lat' dir='ltr'>illae</span> <span class='ocrx_word' id='word_1_101' title='bbox 725 2190 1112 2288; x_wconf 79' lang='lat' dir='ltr'>observationessunt‚</span> 
     </span>
     <span class='ocr_line' id='line_1_17' title="bbox 111 2309 1113 2411; baseline 0.003 -26"><span class='ocrx_word' id='word_1_102' title='bbox 111 2313 251 2411; x_wconf 89' lang='lat' dir='ltr'>quibus</span> <span class='ocrx_word' id='word_1_103' title='bbox 269 2311 347 2384; x_wconf 86' lang='lat' dir='ltr'>haec</span> <span class='ocrx_word' id='word_1_104' title='bbox 366 2310 515 2411; x_wconf 77' lang='lat' dir='ltr'>praeiixa</span> <span class='ocrx_word' id='word_1_105' title='bbox 529 2326 617 2382; x_wconf 91' lang='lat' dir='ltr'>sunt</span> <span class='ocrx_word' id='word_1_106' title='bbox 633 2325 853 2408; x_wconf 85' lang='lat' dir='ltr'>argumenta</span> <span class='ocrx_word' id='word_1_107' title='bbox 877 2309 947 2408; x_wconf 80' lang='lat'>(5)</span> <span class='ocrx_word' id='word_1_108' title='bbox 965 2321 1113 2388; x_wconf 73' lang='lat' dir='ltr'>cacitas</span> 
     </span>
     <span class='ocr_line' id='line_1_18' title="bbox 111 2428 1113 2527; baseline 0.003 -27"><span class='ocrx_word' id='word_1_109' title='bbox 111 2433 159 2502; x_wconf 89' lang='lat' dir='ltr'>ab</span> <span class='ocrx_word' id='word_1_110' title='bbox 174 2435 442 2502; x_wconf 77' lang='lat' dir='ltr'>extenuatione</span> <span class='ocrx_word' id='word_1_111' title='bbox 463 2453 659 2501; x_wconf 77' lang='lat' dir='ltr'>nervorum</span> <span class='ocrx_word' id='word_1_112' title='bbox 678 2433 887 2525; x_wconf 83' lang='lat' dir='ltr'>opticorum</span> <span class='ocrx_word' id='word_1_113' title='bbox 895 2428 966 2527; x_wconf 84' lang='lat'><strong>(6),</strong></span> <span class='ocrx_word' id='word_1_114' title='bbox 985 2458 1113 2503; x_wconf 86' lang='lat' dir='ltr'>amau-</span> 
     </span>
     <span class='ocr_line' id='line_1_19' title="bbox 112 2526 1112 2633; baseline 0.004 -15"><span class='ocrx_word' id='word_1_115' title='bbox 112 2554 205 2620; x_wconf 84' lang='lat' dir='ltr'>rosis</span> <span class='ocrx_word' id='word_1_116' title='bbox 216 2574 241 2618; x_wconf 91' lang='lat' dir='ltr'>a</span> <span class='ocrx_word' id='word_1_117' title='bbox 256 2546 485 2620; x_wconf 79' lang='lat' dir='ltr'>subsidentia</span> <span class='ocrx_word' id='word_1_118' title='bbox 498 2526 789 2619; x_wconf 77' lang='lat' dir='ltr'>ventricuiorum</span> <span class='ocrx_word' id='word_1_119' title='bbox 801 2547 956 2633; x_wconf 81' lang='lat' dir='ltr'>cerebri,</span> <span class='ocrx_word' id='word_1_120' title='bbox 970 2565 1112 2622; x_wconf 91' lang='lat' dir='ltr'>etmar-</span> 
     </span>
     <span class='ocr_line' id='line_1_20' title="bbox 112 2662 1113 2762; baseline 0.004 -26"><span class='ocrx_word' id='word_1_121' title='bbox 112 2689 198 2736; x_wconf 83' lang='lat' dir='ltr'>core</span> <span class='ocrx_word' id='word_1_122' title='bbox 220 2688 417 2738; x_wconf 78' lang='lat' dir='ltr'>nervorum</span> <span class='ocrx_word' id='word_1_123' title='bbox 435 2669 645 2762; x_wconf 87' lang='lat' dir='ltr'>opticorum</span> <span class='ocrx_word' id='word_1_124' title='bbox 666 2662 739 2760; x_wconf 89' lang='lat'><strong>(7),</strong></span> <span class='ocrx_word' id='word_1_125' title='bbox 763 2667 865 2734; x_wconf 78' lang='lat' dir='ltr'>uisus</span> <span class='ocrx_word' id='word_1_126' title='bbox 888 2663 1060 2739; x_wconf 84' lang='lat' dir='ltr'>debilitas</span> <span class='ocrx_word' id='word_1_127' title='bbox 1073 2676 1113 2739; x_wconf 87' lang='lat' dir='ltr'>in</span> 
     </span>
     <span class='ocr_line' id='line_1_21' title="bbox 113 2777 1098 2885; baseline 0.004 -31"><span class='ocrx_word' id='word_1_128' title='bbox 113 2807 186 2854; x_wconf 90' lang='lat' dir='ltr'>uno</span> <span class='ocrx_word' id='word_1_129' title='bbox 207 2781 317 2854; x_wconf 89' lang='lat' dir='ltr'>oculo</span> <span class='ocrx_word' id='word_1_130' title='bbox 336 2784 386 2853; x_wconf 89' lang='lat' dir='ltr'>ab</span> <span class='ocrx_word' id='word_1_131' title='bbox 401 2786 663 2853; x_wconf 79' lang='lat' dir='ltr'>extenuatione</span> <span class='ocrx_word' id='word_1_132' title='bbox 678 2785 782 2852; x_wconf 78' lang='lat' dir='ltr'>nervi</span> <span class='ocrx_word' id='word_1_133' title='bbox 790 2777 889 2852; x_wconf 84' lang='lat' dir='ltr'>illius</span> <span class='ocrx_word' id='word_1_134' title='bbox 905 2789 1039 2856; x_wconf 72' lang='lat' dir='ltr'>visorii</span> <span class='ocrx_word' id='word_1_135' title='bbox 1043 2788 1057 2854; x_wconf 88' lang='lat'><em>(</em></span> <span class='ocrx_word' id='word_1_136' title='bbox 1061 2787 1098 2885; x_wconf 84' lang='lat'>8)</span> 
     </span>
     <span class='ocr_line' id='line_1_22' title="bbox 114 2897 1112 2993; baseline 0.006 -23"><span class='ocrx_word' id='word_1_137' title='bbox 114 2899 215 2971; x_wconf 88' lang='lat' dir='ltr'>oculi</span> <span class='ocrx_word' id='word_1_138' title='bbox 220 2897 348 2971; x_wconf 67' lang='lat' dir='ltr'>deutri</span> <span class='ocrx_word' id='word_1_139' title='bbox 354 2903 763 2972; x_wconf 78' lang='lat' dir='ltr'>ntarcoretextenuatio</span> <span class='ocrx_word' id='word_1_140' title='bbox 772 2900 822 2968; x_wconf 88' lang='lat' dir='ltr'>ab</span> <span class='ocrx_word' id='word_1_141' title='bbox 831 2913 944 2971; x_wconf 82' lang='lat' dir='ltr'>oetate</span> <span class='ocrx_word' id='word_1_142' title='bbox 952 2907 1112 2993; x_wconf 85' lang='lat' dir='ltr'>ineunte,</span> 
     </span>
     <span class='ocr_line' id='line_1_23' title="bbox 116 3003 1113 3093; baseline 0.006 -6"><span class='ocrx_word' id='word_1_143' title='bbox 116 3019 162 3088; x_wconf 92' lang='lat' dir='ltr'>ob</span> <span class='ocrx_word' id='word_1_144' title='bbox 174 3043 328 3090; x_wconf 81' lang='lat' dir='ltr'>nervum</span> <span class='ocrx_word' id='word_1_145' title='bbox 343 3003 516 3090; x_wconf 64' lang='lat' dir='ltr'>deutrum</span> <span class='ocrx_word' id='word_1_146' title='bbox 535 3023 738 3088; x_wconf 85' lang='lat' dir='ltr'>tenuiorem</span> <span class='ocrx_word' id='word_1_147' title='bbox 755 3020 903 3087; x_wconf 87' lang='lat' dir='ltr'>sinistro</span> <span class='ocrx_word' id='word_1_148' title='bbox 923 3019 1023 3089; x_wconf 88' lang='lat' dir='ltr'>ultra</span> <span class='ocrx_word' id='word_1_149' title='bbox 1033 3047 1113 3093; x_wconf 85' lang='lat' dir='ltr'>con·</span> 
     </span>
    </p>
   </div>
   <div class='ocr_carea' id='block_1_2' title="bbox 216 3300 953 3579">
    <p class='ocr_par' dir='ltr' id='par_1_3' title="bbox 216 3300 953 3579">
     <span class='ocr_line' id='line_1_24' title="bbox 216 3300 953 3381; baseline -0.003 -18"><span class='ocrx_word' id='word_1_150' title='bbox 216 3306 287 3363; x_wconf 87' lang='lat' dir='ltr'>Vid.</span> <span class='ocrx_word' id='word_1_151' title='bbox 302 3305 396 3381; x_wconf 87' lang='lat' dir='ltr'>Epist.</span> <span class='ocrx_word' id='word_1_152' title='bbox 411 3307 499 3362; x_wconf 75' lang='lat' dir='ltr'>Anat.</span> <span class='ocrx_word' id='word_1_153' title='bbox 514 3304 564 3376; x_wconf 87' lang='lat'>18,</span> <span class='ocrx_word' id='word_1_154' title='bbox 577 3323 608 3359; x_wconf 87' lang='lat' dir='ltr'>n.</span> <span class='ocrx_word' id='word_1_155' title='bbox 621 3302 673 3374; x_wconf 81' lang='lat'>28,</span> <span class='ocrx_word' id='word_1_156' title='bbox 687 3320 739 3378; x_wconf 77' lang='lat'>29,</span> <span class='ocrx_word' id='word_1_157' title='bbox 755 3300 809 3372; x_wconf 80' lang='lat'>38,</span> <span class='ocrx_word' id='word_1_158' title='bbox 826 3309 881 3373; x_wconf 73' lang='lat' dir='ltr'>to,</span> <span class='ocrx_word' id='word_1_159' title='bbox 896 3312 953 3361; x_wconf 85' lang='lat' dir='ltr'>ete.</span> 
     </span>
     <span class='ocr_line' id='line_1_25' title="bbox 217 3401 909 3481; baseline -0.009 -18"><span class='ocrx_word' id='word_1_160' title='bbox 217 3405 314 3481; x_wconf 83' lang='lat' dir='ltr'>Epist.</span> <span class='ocrx_word' id='word_1_161' title='bbox 333 3405 387 3477; x_wconf 77' lang='lat'>52,</span> <span class='ocrx_word' id='word_1_162' title='bbox 400 3425 432 3462; x_wconf 93' lang='grc' dir='ltr'>ιι.</span> <span class='ocrx_word' id='word_1_163' title='bbox 450 3406 502 3476; x_wconf 83' lang='lat'>30,</span> <span class='ocrx_word' id='word_1_164' title='bbox 515 3414 544 3462; x_wconf 88' lang='lat' dir='ltr'>et</span> <span class='ocrx_word' id='word_1_165' title='bbox 556 3403 651 3479; x_wconf 89' lang='lat' dir='ltr'>Epist.</span> <span class='ocrx_word' id='word_1_166' title='bbox 663 3401 716 3477; x_wconf 80' lang='lat'>63,</span> <span class='ocrx_word' id='word_1_167' title='bbox 730 3422 762 3461; x_wconf 89' lang='lat' dir='ltr'>n.</span> <span class='ocrx_word' id='word_1_168' title='bbox 780 3412 837 3461; x_wconf 72' lang='lat' dir='ltr'>net</span> <span class='ocrx_word' id='word_1_169' title='bbox 848 3419 909 3479; x_wconf 82' lang='lat' dir='ltr'>seq.</span> 
     </span>
     <span class='ocr_line' id='line_1_26' title="bbox 219 3501 597 3579; baseline -0.005 -16"><span class='ocrx_word' id='word_1_170' title='bbox 219 3507 298 3563; x_wconf 86' lang='lat' dir='ltr'>Sect.</span> <span class='ocrx_word' id='word_1_171' title='bbox 314 3503 379 3563; x_wconf 76' lang='lat' dir='ltr'>hac.</span> <span class='ocrx_word' id='word_1_172' title='bbox 398 3505 450 3579; x_wconf 81' lang='lat'>18,</span> <span class='ocrx_word' id='word_1_173' title='bbox 467 3505 533 3564; x_wconf 87' lang='lat' dir='ltr'>obs.</span> <span class='ocrx_word' id='word_1_174' title='bbox 550 3501 597 3562; x_wconf 70' lang='grc' dir='ltr'>ιδ.</span> 
     </span>
    </p>
   </div>
   <div class='ocr_carea' id='block_1_3' title="bbox 0 0 1436 4672">
    <p class='ocr_par' dir='ltr' id='par_1_4' title="bbox 0 0 1436 4672">
     <span class='ocr_line' id='line_1_27' title="bbox 0 0 1436 4672; baseline 0 0"><span class='ocrx_word' id='word_1_175' title='bbox 0 0 1436 4672; x_wconf 95' lang='lat' dir='ltr'> </span> 
     </span>
    </p>
   </div>
  </div>
 </body>
</html>
