2812 4660
288 398 378 484 ·304
471 419 518 464 ur
544 413 689 465 sumnus
715 417 760 464 ur
785 416 908 476 causrs
933 417 1144 470 moruorum

302 533 478 620 tinentia,
496 529 745 618 coarctando,
761 529 876 602 aliave
893 530 1019 629 aliqua
1036 535 1183 608 ratione
1200 553 1307 637 expe'·

304 651 384 722 dito
412 648 604 746 sanguinis
624 671 693 744 per
716 671 784 719 cor
810 650 983 722 transitui
1001 648 1227 743 officiendo,
1250 681 1309 730 eos

302 769 396 840 alios
411 789 540 840 sensus
548 763 774 837 inducerent
788 765 836 836 de
847 764 986 862 quibus
995 767 1139 840 dictum
1151 788 1217 843 est.
1227 776 1310 846 Post

304 911 386 986 quae
403 886 529 956 minus
545 883 796 954 necessarium
813 905 893 956 esse
910 899 1025 981 puto,
1040 887 1201 984 epistola
1216 915 1308 988 prae-
1391 951 1392 954 ,

303 1006 431 1079 sertim
454 1000 623 1099 longius,
652 1024 765 1096 quam
790 1000 899 1072 initio
917 1000 1080 1092 credidi,
1101 1006 1308 1102 producta,

302 1147 351 1192 au
362 1121 416 1193 illi
426 1118 497 1216 ipsi
508 1139 637 1188 sensus
650 1116 709 1186 vel
725 1116 804 1188 sine
818 1116 898 1188 ullo
907 1119 1108 1213 pericardii
1118 1120 1308 1222 hydrope,

302 1235 452 1311 aliunde
466 1258 543 1306 esse
553 1232 744 1304 interdum
757 1234 921 1331 possint,
940 1234 1168 1334 disquirere,
1179 1240 1309 1312 multo·

303 1381 378 1455 que
396 1353 523 1424 minus
541 1350 588 1422 de
607 1350 870 1448 palpitatione,
884 1351 931 1425 de
949 1353 1139 1451 pulsibus,
1155 1355 1204 1428 de
1215 1357 1307 1428 lum·

298 1473 439 1546 borum
459 1469 611 1557 dolore,
631 1467 677 1540 de
698 1469 836 1567 quibus
855 1493 968 1568 supra
984 1469 1041 1568 (1)
1060 1474 1148 1546 satis
1166 1472 1307 1548 dictum

304 1605 376 1680 est,
393 1588 507 1661 verba
526 1585 657 1658 facere.

351 1709 408 1796 48.
435 1707 524 1798 Quae
539 1704 666 1774 omnia
678 1725 766 1773 cum
776 1703 827 1776 ita
837 1705 928 1793 sint;
940 1706 1080 1779 diutius
1091 1707 1222 1782 adhuc
1235 1735 1306 1784 esse

300 1822 575 1924 expectandum
603 1817 709 1892 facile
729 1821 881 1906 credes,
898 1837 1102 1921 antequam
1130 1825 1180 1896 ad
1197 1811 1305 1902 ¹hunc

300 1943 511 2018 curandum
526 1934 704 2010 morbum
722 1939 763 2010 iu
779 1963 889 2036 usum
903 1941 1093 2024 ducantur
1104 1943 1304 2019 terebratio

299 2061 435 2150 sterni,
454 2074 490 2132 et
499 2056 699 2156 pericardii
712 2054 916 2154 perforatio
928 2113 938 2148 ,
951 2057 998 2130 ab
1014 2059 1176 2132 Riolano
1190 2063 1233 2136 iu
1247 2089 1305 2136 an·

221 2199 223 2211 ’
297 2174 597 2277 thropographia
615 2172 691 2272 (a),
708 2190 745 2246 et
763 2174 853 2246 alibi
869 2174 923 2272 (3)
944 2175 1137 2276 intdicatae,
1159 2181 1191 2252 si
1205 2183 1304 2277 juxta
1338 2181 1344 2191 '

299 2293 495 2370 Schrockii
515 2291 590 2391 (4),
620 2307 657 2365 et
677 2292 823 2366 Graetzii
843 2291 898 2390 (5)
925 2295 1089 2385 monita,
1111 2304 1305 2370 certissime

299 2430 414 2488 antea
428 2425 600 2508 constare
618 2407 728 2480 debet
742 2409 789 2480 de
804 2415 918 2508 r‘pst'us
933 2418 1008 2484 seri
1016 2413 1258 2488 abundantia
1271 2421 1304 2486 in

291 2526 521 2630 pericardi'o.
541 2525 713 2596 Necdum
740 2526 842 2629 enim
858 2552 937 2617 ars,
963 2544 1151 2626 quantum
1176 2533 1303 2621 video,

299 2646 393 2719 adeo
408 2643 586 2743 profecit,
605 2658 648 2714 ut
667 2643 707 2714 id
729 2645 952 2736 certissime,
969 2661 1006 2718 et
1022 2647 1222 2724 evidenter
1248 2677 1303 2724 co·

297 2764 429 2864 guosci
441 2773 568 2860 queat
578 2763 730 2834 Utinam
740 2762 890 2858 diceret,
909 2766 1040 2862 sapius
1056 2769 1230 2864 repetitis
1245 2769 1303 2840 ob-
1390 2781 1391 2872 ᾗ

297 2879 593 2969 servationibus,
619 2881 747 2950 sinon
766 2880 838 2951 alia
854 2881 960 2980 sigua
982 2882 1300 2975 animadvertere,

296 3015 335 3072 at
352 3025 398 3071 ex
410 3000 455 3071 iis
468 3023 550 3097 quae
562 2997 755 3096 proposita
771 3013 877 3087 sunt,
891 3023 973 3096 quae
989 3001 1140 3096 saepius,
1156 3028 1239 3099 quae
1250 3028 1301 3075 ra·

294 3119 374 3190 rius
389 3131 469 3189 tum
489 3118 590 3194 inter
605 3114 729 3203 initia,
745 3128 826 3184 turn
841 3104 970 3188 saltem
983 3140 1102 3214 prope
1121 3121 1248 3194 morbi
1261 3119 1298 3192 fi-

295 3259 383 3308 nem
393 3287 403 3324 ,
413 3235 537 3332 ipsum
552 3232 782 3322 comitentur
793 3285 803 3321 ,
813 3245 985 3306 statuere.
1000 3236 1087 3306 Non
1097 3259 1186 3307 raro
1202 3239 1298 3310 enim

333 3565 378 3644 (ι)
398 3567 437 3623 Ν.
457 3565 510 3638 23,
527 3569 580 3636 41,
596 3571 645 3633 44.

365 3665 431 3743 )L.
448 3664 483 3734 3,
498 3682 523 3718 e.
541 3681 556 3734 7
574 3661 669 3720 infin.

365 3765 376 3843 )
396 3762 565 3821 Encheirid.
579 3766 668 3820 Anat.
686 3763 707 3819 l.
725 3762 759 3835 3,
777 3781 803 3820 c.
817 3768 845 3830 4.

365 3867 377 3943 )
397 3859 564 3939 Eph.N.C.
578 3865 649 3920 Dec.
664 3865 696 3936 3,
707 3866 745 3920 A.
759 3872 795 3937 4,
807 3863 871 3922 obs.
889 3864 954 3922 ns.

347 3683 364 3723 a

347 3872 364 3933 4

364 3966 375 4044 )
396 3963 461 4024 Dis.
478 3983 568 4042 supra
583 3964 623 4023 ad
635 3983 666 4021 u.
681 3981 717 4023 22
733 3963 782 4024 cit.
801 3967 817 4036 S
835 3960 883 4022 25.

332 3663 345 3743 (

332 3764 362 3842 (a

333 3865 345 3942 (

332 3964 363 4042 (s
