2820 4662
128 450 193 498 ma.
220 447 260 496 11.
288 449 334 495 na
359 443 496 495 monus
520 443 713 511 retonans,
737 444 848 496 amsr.
875 445 978 498 nun.
1008 434 1078 528 429

82 561 168 635 adeo
195 562 329 634 distat'l
353 561 490 660 Legisti
510 574 689 658 praeterea
711 562 750 630 in
772 564 966 660 superiore
987 591 1080 638 anus

81 679 250 766 historia,
270 681 310 749 in
336 678 494 776 aliisque
518 678 658 775 pariter
689 676 829 774 legisti,
849 694 885 752 et
904 681 1021 781 leges,
1038 685 1079 754 in

81 797 204 868 eadem
230 811 343 868 aortae
376 794 464 866 sede
492 790 605 865 fuisse
632 815 928 891 aneurysmata:
965 796 1078 872 fuisse
1122 829 1128 836 ·

79 914 204 1001 etiam,
231 927 273 984 ut
293 911 341 984 de
356 911 415 981 his
431 934 583 1008 quoque
602 908 739 1000 dicam,
757 911 923 986 lamellas
943 939 1076 988 osseas.

77 1033 170 1102 Num
189 1030 238 1103 ab
265 1027 410 1101 ossibus
431 1053 512 1125 quae
535 1042 698 1117 remota,
719 1044 756 1100 et
782 1031 927 1130 integra
953 1047 1076 1122 erant,

77 1145 149 1218 haec
166 1146 410 1248 repetemus?
430 1171 477 1218 ne
503 1143 597 1242 quid
616 1144 737 1217 dicam
757 1145 804 1218 de
822 1171 931 1220 osseo
948 1174 1078 1242 succe,

77 1267 227 1364 nuperis
247 1263 292 1336 el.
324 1263 482 1336 Hamelii
504 1261 559 1362 (1)
589 1265 854 1362 experimentis
880 1266 937 1338 vel
961 1266 1014 1338 ibi
1038 1269 1078 1342 in

77 1381 234 1454 dubium
252 1397 405 1470 vocato,
419 1380 488 1453 ubi
501 1407 522 1453 e
533 1377 659 1455 fractis
671 1381 821 1454 ossibus
833 1381 987 1456 effluere
998 1411 1077 1460 cre-

76 1499 233 1572 debatur
248 1527 258 1589 ;
274 1515 317 1572 ut
334 1501 365 1572 si
384 1524 470 1571 cum
488 1523 533 1570 eo
559 1496 688 1587 facias,
707 1514 813 1571 tanto
832 1502 957 1574 minus
977 1529 996 1574 e
1016 1529 1078 1576 ca·

75 1617 178 1690 riosis
194 1618 273 1714 jam
288 1615 460 1692 videatur
476 1614 715 1712 repetendus.
732 1615 804 1686 Sed
822 1614 869 1686 de
885 1641 1076 1693 ossearum

74 1734 305 1808 lamellarum
331 1736 369 1805 in
388 1733 534 1804 arteriis
550 1717 696 1830 origine
720 1754 809 1802 mox
827 1732 897 1804 alia
916 1757 1077 1834 perpen-

75 1851 223 1944 demus,
236 1877 324 1925 eum
339 1851 448 1924 aliam
468 1847 738 1947 protulerimus
757 1847 1076 1945 observationem,

73 1995 186 2068 quam
202 1972 378 2066 Bononiae
391 1968 547 2068 pariter,
559 1965 715 2039 biennio
729 1981 816 2064 post
830 1968 1076 2068 superiorem,

71 2069 287 2162 babuimus.
381 2137 382 2140 =

117 2207 179 2280 30.
198 2209 283 2295 Vir,
294 2207 588 2304 eujuspatruum
597 2203 745 2278 abditus
753 2207 794 2278 in
807 2204 961 2280 thorace
974 2231 1075 2279 mor·

67 2320 142 2395 bus
165 2324 384 2413 sustulerat,
404 2348 538 2426 magna
558 2348 643 2396 cum
665 2323 877 2422 pulsatione
895 2326 1078 2422 conjunc·

67 2456 149 2529 tus3
169 2441 317 2530 veneri,
331 2443 537 2540 prasertim
553 2466 639 2513 cum
653 2441 787 2537 junior
804 2456 919 2532 esset,
935 2459 972 2515 et
988 2469 1076 2516 con·

68 2557 177 2630 viviis
193 2559 351 2632 nimium
367 2557 536 2648 deditus;
550 2574 720 2631 maturus
734 2583 824 2631 vero
837 2561 953 2631 animi
967 2559 1075 2635 affec·

69 2673 254 2766 tionibus,
283 2677 459 2776 curisque
488 2675 664 2776 gravibus
693 2692 875 2768 vexatus,
907 2681 1074 2777 primum

72 2792 225 2891 quidem
256 2794 416 2866 similem
444 2793 698 2892 pulsationem
726 2795 881 2884 sentire3
902 2810 1073 2896 tempore
1169 2875 1172 2880 ,

72 2926 194 2984 autem
209 2901 428 3006 interjecto,
443 2913 616 3008 spiritum
634 2913 788 3008 insuper
808 2936 895 2984 cum
915 2912 1072 2986 difficul-

73 3044 142 3101 tate
161 3028 301 3103 ducere
318 3029 450 3127 coepit,
466 3053 553 3102 cum
570 3053 639 3127 per
658 3028 771 3126 plana
794 3029 1072 3128 ingrederetur,

73 3148 193 3220 multo
205 3161 330 3220 autem
347 3145 483 3244 magis,
500 3169 588 3216 cum
601 3171 669 3243 per
689 3145 851 3216 acclivia.
873 3151 957 3218 Haec
974 3145 1075 3218 diffia

73 3266 190 3352 cultas
207 3262 365 3364 singulis
380 3262 459 3337 fere
475 3263 670 3336 mensibus
683 3263 723 3332 in
743 3263 943 3360 peculiaris
964 3288 1073 3363 paro·

72 3385 190 3479 xysmi
202 3383 360 3454 modum
369 3407 489 3480 usque
507 3380 602 3452 adeo
614 3379 879 3470 invalescebat,
899 3395 941 3454 ut
954 3381 1071 3456 bomo

71 3497 142 3594 jam
160 3502 238 3597 jam
253 3497 494 3573 suffocandus
506 3499 712 3587 videretur,
724 3497 797 3570 nisi
812 3481 974 3596 propere
987 3525 1072 3599 san·

75 3619 225 3714 guinem
250 3620 459 3709 nutterent3
478 3617 530 3690 sic
549 3617 651 3690 enim
671 3614 875 3690 levabatur.
901 3619 1074 3715 Denique

111 3989 155 4070 (1)
176 3950 266 4051 item.
284 3993 320 4050 da
332 3994 446 4051 l’Acad.
460 3995 534 4070 Roy.
548 3992 599 4050 des
613 3993 661 4049 Sc.
673 4009 723 4046 an.
739 3998 824 4061 1741.
