2750 4658
260 424 331 524 296
417 445 464 498 ur
490 443 636 495 srutuus
662 443 706 494 ur
731 445 856 496 ctusrs
881 447 1093 498 uoauoauu

261 577 359 648 erat,
374 560 478 657 quod
491 559 743 658 pericardium
756 575 858 633 tanta
876 586 1062 658 aquarum
1077 564 1184 661 copia
1198 562 1268 635 dis·

257 693 418 762 tentum,
426 679 574 774 jacente
584 677 752 767 homine,
766 678 1009 777 diaphragma
1023 680 1178 778 quidem
1188 705 1268 752 non

258 794 451 894 gravabat3
469 794 534 867 sed
553 795 805 893 praegravabat
820 796 1039 894 pulmones,
1058 797 1200 895 quibus
1217 799 1268 870 sic

257 911 520 1000 incumbebat,
536 927 617 982 tum
637 913 736 986 mole
756 915 866 985 etiam
884 938 950 987 sua
970 913 1109 986 horum
1131 939 1268 1012 expan-

259 1031 358 1104 sioni
375 1044 481 1100 tanto
500 1031 617 1128 magis
632 1028 838 1120 officiebat,
860 1047 1003 1128 quanto
1023 1057 1173 1105 sursum
1191 1057 1269 1104 ma-

260 1149 316 1245 gis
335 1163 426 1219 tunc
448 1145 675 1220 ascendente
696 1147 996 1248 diaphragmat'e‚
1025 1149 1149 1247 ipsum
1181 1174 1269 1246 quo·

262 1289 338 1361 que
358 1288 505 1337 sursum
525 1263 830 1336 contrudebatur.
851 1264 965 1357 Quod
976 1266 1007 1337 si
1022 1266 1073 1336 ita
1086 1289 1124 1338 se
1138 1289 1199 1337 res
1210 1264 1269 1336 ha·

263 1380 429 1471 bet,hoc
439 1406 591 1478 quoque
608 1383 757 1480 signum
767 1383 961 1480 intelligis,
974 1383 1049 1454 sive
1060 1397 1103 1454 ut
1115 1381 1165 1453 ab
1176 1381 1270 1470 aliis,

263 1499 339 1572 sive
357 1513 398 1570 ut
418 1497 464 1570 ab
481 1500 651 1572 Lancisio
675 1501 912 1598 propositum
929 1513 1002 1587 est,
1023 1523 1044 1569 a
1064 1500 1167 1570 varia
1186 1524 1270 1570 con·

265 1617 359 1713 gesti
376 1615 549 1688 humoris
568 1617 676 1714 copia
699 1617 858 1687 variari:
882 1641 965 1712 quae
984 1630 1110 1688 tamen
1131 1617 1171 1686 in
1189 1616 1270 1714 plu-

264 1732 370 1806 ribus
386 1732 442 1831 (1)
459 1732 628 1820 vidtur,
646 1757 733 1804 cum
753 1732 883 1806 eadem
903 1748 998 1806 esset
1015 1749 1129 1830 quam
1145 1733 1270 1804 Lanci-

267 1852 345 1924 sius
361 1851 551 1950 designat,
566 1866 629 1922 aut
646 1853 757 1922 etiam
779 1850 972 1948 aliquanto
990 1852 1130 1947 major,
1151 1875 1271 1949 neque
1360 1895 1361 1902 κ

269 1967 318 2039 ab
335 1969 443 2039 initio
460 1992 577 2066 aegros
596 1970 760 2066 coegisse
780 1983 822 2039 ut
837 1967 1047 2066 respirandi
1065 1993 1199 2056 causa,
1215 1993 1271 2038 ex-

268 2099 327 2158 tra
343 2085 482 2156 lectum
495 2101 637 2174 essent,
653 2111 777 2184 neque
797 2102 963 2159 extremo
975 2101 1149 2184 tempore
1170 2101 1212 2157 ut
1224 2086 1271 2182 ja·

270 2203 394 2275 cendo
405 2205 578 2301 spiritum
592 2203 776 2275 ducerent
790 2231 797 2273 :
812 2204 903 2301 quin
917 2219 1004 2275 utro
1017 2201 1154 2275 liberet
1164 2201 1272 2274 modo

217 2309 219 2317 ’
271 2322 427 2392 minime
445 2321 862 2420 proptereaaugebatur
873 2319 1072 2394 difficultas
1090 2319 1271 2420 spirandi;

275 2439 419 2510 etiamsi
439 2463 523 2508 cum
537 2440 738 2536 pericardii
747 2439 920 2538 hydrope
934 2438 1098 2511 thoracis
1109 2423 1272 2536 hydrops

275 2570 354 2625 erat
369 2555 605 2648 conjunctus.
619 2559 709 2646 Quae
720 2583 780 2631 res
793 2555 1056 2655 quoquefacit‚
1067 2581 1115 2628 ne
1131 2557 1271 2654 siguum

276 2671 352 2741 hoc
380 2669 496 2742 facilis
519 2672 717 2746 decubitus
736 2699 807 2773 pro
827 2675 928 2746 illius
945 2675 1127 2772 peculiari
1145 2673 1272 2745 habea·

275 2813 378 2876 mus,
398 2815 520 2887 eoque
540 2790 579 2861 id
599 2794 716 2890 magis
730 2795 872 2864 cumin
892 2794 937 2864 iis
957 2793 1097 2892 pariter
1113 2793 1181 2889 qui
1201 2813 1269 2862 uno

274 2905 438 2978 thoracis
453 2905 624 3006 hydrope
641 2908 880 3000 laborabant,
895 2909 996 2982 idem
1010 2910 1056 2981 sit
1072 2907 1269 3007 aliquando

272 3023 602 3123 animadversum(
627 3025 652 3124 )

323 3143 381 3231 46.
410 3145 495 3214 Non
517 3171 578 3218 me
602 3147 760 3243 poenitet
777 3146 936 3217 Lancisii
955 3143 1268 3229 observationem,

275 3261 445 3355 quamvis
469 3262 563 3336 adeo
581 3287 603 3333 a
625 3263 834 3335 Vieussenii
852 3262 1114 3334 observatione
1137 3260 1269 3332 discre-

272 3389 446 3469 pantem,
469 3379 582 3474 paulo
607 3396 693 3452 ante
716 3371 927 3478 protulisse.
950 3384 1046 3450 Ecce
1073 3379 1174 3449 enim
1196 3375 1267 3448 haec

272 3489 455 3588 relegenti
475 3519 496 3563 a
516 3497 793 3594 Petropolitana
815 3499 947 3596 imper.
973 3494 1163 3568 academia
1185 3493 1268 3565 novi

271 3715 1267 3746 Μ

307 3868 352 3947 (¹)
374 3871 443 3928 lid·
457 3893 488 3928 ¹¹·
504 3889 539 3944 ²7
553 3884 582 3930 et
599 3874 636 3932 36
649 3895 754 3953 supra,
768 3874 996 3954 etseputchr.1.
1011 3879 1043 3951 ⁵1,
1059 3898 1083 3935 s.
1099 3897 1132 3949 a,
1146 3877 1207 3933 obs.
1219 3875 1244 3930 3.

308 3968 352 4047 (π)
374 3970 442 4031 Vid.
454 3992 485 4029 n.
500 3972 554 4044 26,
577 3973 624 4031 28.
