2832 4662
180 501 247 548 nm.
275 499 316 546 11.
344 499 391 544 nr
416 494 552 544 nonnis
577 494 769 562 rnomcrs,
792 496 903 546 urrsr.
929 499 1002 548 xrx.
1031 477 1107 580 529.

5 707 7 714 y
103 614 265 686 Docebit
282 612 322 685 id
335 611 403 684 cel.
424 609 743 706 Senecius(1),.ad
758 635 873 708 quem
889 629 925 686 te
937 615 1015 703 ,ad
1032 619 1103 690 alia

4 793 5 830 3
103 755 334 830 properans,
364 729 527 800 libenter
549 727 689 822 rejicio.
721 729 890 806 Docebit
909 732 1036 821 simul,
1063 735 1108 814 id

104 848 211 946 quod
229 847 489 944 consequitur,
507 859 655 932 notam,
674 843 721 916 ab
736 846 867 918 Littrio
884 851 1110 949 quoquedn)

103 966 315 1054 laudatum,
332 964 380 1036 ad
402 987 467 1035 eos
493 964 560 1058 qui
579 963 653 1032 vivi
672 961 786 1036 abiis
809 966 876 1060 qui
900 970 1042 1040 mortu-i
1064 971 1109 1040 in

102 1108 244 1182 aquam
272 1081 431 1182 projecti
453 1081 548 1168 sint,
570 1105 616 1150 ex
636 1080 767 1178 illapsa
792 1082 913 1172 intro,
941 1100 1109 1158 autnon

102 1193 237 1299 illapsa
264 1225 360 1298 aqua
388 1197 720 1287 internoscendos,
744 1197 890 1272 facilem
914 1203 1105 1302 alioquin,

104 1321 203 1393 etin
221 1318 489 1416 quaestionibus
506 1316 851 1413 medico-legalibus
870 1318 983 1395 haud·
994 1323 1106 1396 inuti·

103 1438 206 1525 lem,
224 1460 303 1508 non
320 1437 427 1508 omni
443 1459 488 1506 ex
505 1449 610 1534 perte
627 1457 701 1531 pro
712 1449 894 1532 perpetue
912 1462 992 1512 esse
1017 1443 1108 1514 acci·

101 1553 296 1654 piendam.

159 1669 216 1758 45.
244 1674 385 1741 Verum
411 1665 473 1738 hic
495 1667 572 1738 scio
601 1690 662 1736 me
677 1663 750 1762 {abs
771 1680 810 1740 te
830 1668 1109 1767 interpellatum
1159 1726 1161 1735 ,

103 1789 176 1877 iri,
195 1788 255 1858 vel
269 1798 555 1886 properantem,
576 1781 746 1880 designo
762 1785 831 1855 illo
845 1785 983 1876 altem,
998 1789 1110 1874 simul

105 1905 162 1978 ad
182 1904 330 1977 easdem
345 1902 588 2000 quaestiones,
612 1901 723 1972 simid
739 1901 787 1972 ad
804 1899 1111 1998 suffocationem,

106 2024 158 2094 de'
178 2046 253 2119 qua
268 2023 428 2119 agimus,
452 2020 649 2105 attinente,
666 2017 770 2116 quod
794 2045 840 2090 ex
863 2021 1113 2117 pulmonibus
1214 2107 1219 2120 Ι

106 2136 264 2208 infantis
281 2137 422 2235 petitur
437 2135 631 2232 inaquam
646 2137 842 2231 conjectis,
854 2153 955 2211 utex
966 2138 1039 2212 illis
1051 2141 1114 2230 ved

107 2252 160 2324 ad
177 2251 336 2324 fundum
348 2251 565 2336 ‚labentibus
574 2252 651 2342 ,vel
664 2253 704 2322 in
717 2275 865 2324 summo
877 2256 1110 2348 natantihuS,

106 2368 176 2439 hic
193 2385 385 2456 mortuus,
405 2395 453 2440 an
467 2371 595 2442 vivens
618 2368 739 2442 editus
756 2367 889 2462 fuerit,
909 2373 1111 2471 dignosce*

105 2500 186 2558 tur.
206 2486 307 2577 Quid
332 2488 600 2585 quaerisiCum
622 2488 667 2558 iis
687 2485 781 2559 facio
804 2491 870 2585 qui
887 2492 995 2587 signo
1016 2492 1110 2584 hoc,
1154 2484 1156 2488 ’

103 2601 178 2678 sed
208 2619 314 2676 caute
349 2619 386 2677 et
416 2604 646 2702 prudenter,
683 2620 851 2678 utuntur.
887 2611 985 2679 Novi
1009 2612 1112 2682 enim
1166 2665 1168 2672 >

103 2735 206 2820 quot
225 2725 464 2820 exceptiones
476 2725 551 2794 sint
568 2723 751 2795 adnotatae
766 2726 863 2796 intra
879 2749 958 2798 non
968 2727 1111 2828 ‘longis-

101 2839 244 2912 simam
269 2863 456 2909 annorum
482 2841 625 2912 seriem
652 2843 747 2911 Nam
773 2845 843 2914 etsi
861 2844 1110 2942 Galenus(3)

100 2955 340 3056 pulmonum
369 2953 614 3035 substantiam¹
636 2979 715 3024 non
745 2955 861 3027 modo
885 2959 1038 3030 rubram
1069 2985 1114 3034 ao

100 3076 291 3160 densam,
312 3069 377 3142 sed
395 3085 431 3144 et
444 3095 594 3167 gravem
615 3071 654 3140 in
674 3068 825 3144 foetibus
851 3089 1113 3176 contrantque

50 3207 53 3218 '
98 3187 456 3287 inerespirantihus
498 3213 576 3260 esse
607 3186 807 3275 indicavit,
840 3189 1016 3288 idemque
1049 3196 1113 3268 alii

97 3323 257 3412 postea,
275 3308 367 3380 etin
386 3305 445 3377 his
462 3305 646 3403 Spigelius
654 3320 781 3378 noster
795 3306 849 3403 (4)
863 3308 1111 3403 iteraverunt3

96 3424 214 3502 houd
232 3427 308 3496 scio
322 3440 469 3508 tamen,
491 3445 540 3492 an
558 3425 719 3521 cuipiam
735 3439 935 3522 propterea
948 3428 989 3500 in
1006 3453 1118 3502 mem·

150 3731 197 3810 (ι)
218 3715 293 3804 Hist.
312 3732 360 3788 cit.
375 3749 479 3806 supra,
492 3731 573 3788 adn.
590 3739 637 3800 4⁰·

150 3831 198 3910 (α)
220 3833 295 3888 Hist.
311 3829 368 3888 hoc
380 3839 413 3888 n.
428 3831 477 3888 cit.

151 3931 199 4008 (3)
220 3933 265 3988 De
279 3951 335 3988 nsu
345 3943 423 4007 part.
440 3933 460 3988 1.
476 3928 527 4000 15,
541 3949 566 3988 c.
582 3931 609 3989 6.

153 4029 188 4106 (4
220 4033 265 4088 De
281 4032 367 4090 form.
383 4033 472 4104 soetn,
487 4052 513 4090 c.
530 4031 577 4088 18.
