2842 4672
201 426 272 474 mn.
300 427 325 473 1.
352 425 399 472 nr
424 421 560 472 moeurs
585 421 742 488 car1r1s,
767 422 881 501 misr..
905 421 985 504 rm,
1046 403 1088 476 81

93 539 296 640 angulum,
314 538 459 612 sirecte
478 537 656 626 memini,
674 537 741 635 qui
760 537 859 610 inter
877 538 980 610 sinus
997 538 1098 614 duos*

65 677 67 680 ·
93 659 286 730 lateralem
299 712 310 746 ,
323 659 361 728 et
371 657 603 754 superiorem
615 679 660 726 ex
676 653 933 750 adjacentibus
948 657 1095 752 equinae
1117 645 1119 650 ¹

93 777 190 848 sellae
215 775 474 874 intercipitur,
494 771 663 845 foramen
676 762 821 844 'fecerat
838 775 954 848 caries
969 773 1096 850 ‘forma

94 877 378 992 propemodum
397 892 548 980 circuli,
565 889 674 962 lentis
694 904 819 962 autem
836 893 1097 990 amplitudine.

96 1011 193 1083 Inde
210 1035 281 1109 pus
302 1010 502 1081 inteream
523 1005 677 1096 faciem,
694 1033 930 1108 crassamque
952 1015 1098 1084 menin-

98 1153 182 1227 gem
213 1123 400 1216 effusum,
426 1125 541 1214 hanc,
564 1141 601 1198 et
626 1141 780 1202 tenuem
809 1144 997 1219 eroserat,
1027 1155 1101 1230 qua

97 1246 296 1318 dexterum
309 1220 485 1317 cerebelli
497 1245 735 1316 convestiunt
744 1245 861 1335 latus;
874 1229 1027 1346 hocque
1042 1249 1102 1321 in-

99 1388 216 1462 super
241 1364 291 1434 ita
318 1361 531 1448 vitiaverat,
557 1375 599 1432 ut
627 1360 841 1460 superficiei
861 1389 947 1462 pars
974 1367 1102 1440 viridis

100 1495 220 1568 esset,
236 1505 280 1552 ac
293 1481 514 1578 purulenta3
532 1483 701 1580 proxima
717 1498 840 1554 autem
857 1509 939 1582 quae
955 1487 989 1557 ei
1006 1487 1104 1584 parti

100 1597 374 1696 respondebat,
400 1599 548 1671 interna
574 1599 757 1672 cerebelli*
775 1603 901 1698 portio
921 1602 969 1674 ad
996 1605 1122 1702 digiti

101 1721 251 1817 pollicis
279 1719 563 1791 crassitudinem
589 1719 716 1790 colore
745 1715 849 1792 fusco
872 1713 1100 1794 inficeretur.

100 1841 185 1909 Erat
202 1861 276 1935 pus
293 1861 418 1924 omne,
435 1837 540 1934 quod
552 1837 655 1909 intra
673 1835 843 1905 cranium
857 1854 1102 1936 conspectum

102 1970 174 2044 est,
195 1953 338 2043 viride,
353 1950 423 2026 nec
438 1951 659 2052 graveolens
669 1967 817 2048 tamen:
836 1968 879 2024 ut
891 1979 1105 2054 nequegra-

102 2075 198 2145 viter
215 2071 341 2154 olebat
358 2072 466 2143 incisi
490 2095 590 2170 pone
614 2094 742 2142 aurem
764 2072 923 2149 tumoris
947 2097 1106 2164 cavum;

103 2191 164 2263 sed
188 2191 306 2286 hujus
328 2191 488 2288 parietes
510 2204 617 2262 erant
642 2189 799 2278 mundi;
827 2191 950 2289 ipsum
979 2206 1104 2262 autem
1159 2174 1162 2178 ’
1197 2182 1210 2256 ¹.

105 2333 188 2380 cum
220 2333 327 2380 osseo
348 2307 536 2378 auditorio
553 2321 679 2379 meatu
700 2307 1012 2380 communicabat.
1034 2312 1105 2382 Ca-

105 2426 170 2496 riei
189 2426 363 2498 terminis
382 2441 535 2498 externo
557 2427 784 2522 internoque
804 2429 1032 2525 perspectis,
1048 2429 1105 2498 in·

108 2544 283 2640 te'rjectos
306 2544 404 2615 inter
430 2531 636 2643 utrumque
655 2544 852 2616 cuniculos
875 2559 1120 2643 persequen-'

107 2658 145 2730 di
161 2653 312 2760 tempus
329 2659 447 2733 defuit
464 2662 504 2732 in
526 2660 680 2760 publiea
703 2677 876 2734 anatome
900 2665 1102 2760 occupatis.

107 2777 218 2870 Quod
247 2763 446 2851 tamen'ad
473 2803 621 2852 causam
647 2779 779 2852 attinet
806 2781 980 2877 exquisiti
1005 2781 1106 2853 illius

109 2897 315 2993 sensusqui
330 2897 481 2969 certain
494 2912 600 2996 parte
616 2897 810 2969 labrorum
827 2898 977 2996 vigebat
986 2899 1106 2996 aperti

107 3015 284 3104 tumoris;
300 3029 451 3102 tenuem
464 3015 663 3086 nervulum
676 3015 931 3103 animadverti,
943 3016 1009 3113 qui
1022 3039 1107 3112 pro·

108 3127 245 3222 fectus,
276 3147 319 3204 ut
344 3132 500 3230 opinor,
525 3157 546 3202 a
569 3131 836 3220 cervicalibuS,
862 3155 974 3228 supra
1002 3129 1105 3201 illam

105 3249 313 3320 sectionem
327 3248 679 3322 sub‘communibus
694 3248 919 3349 tegumentis
933 3247 1106 3346 aseende-

105 3359 170 3436 bat
192 3366 400 3439 secundum
423 3368 552 3466 capitis
568 3366 861 3464 longitudinem
878 3380 921 3437 ut
940 3389 1107 3463 pronum
1139 3383 1141 3387 ·

109 3479 221 3556 fuerit
238 3485 449 3582 conjicere,
465 3486 512 3556 ad
532 3485 696 3582 aliquam
716 3484 816 3556 illius
835 3499 981 3581 partem
1007 3477 1106 3556 inter

108 3602 314 3674 secandum
330 3617 608 3701 compunctam,
626 3616 691 3673 aut
706 3598 881 3674 nonnihil
896 3601 1052 3672 incisam
1067 3597 1108 3676 id

106 3715 218 3790 fuisse
235 3717 486 3791 referendum.
996 3735 998 3738 ·

156 3841 193 3923 4.
217 3835 344 3927 Vides,
359 3861 473 3934 quam
490 3835 645 3907 obnoxii
655 3835 753 3935 apud
765 3838 900 3936 vulgus
914 3834 1014 3908 falsis
1028 3857 1107 3907 sus·

106 3952 322 4049 picionibus
344 3955 418 4029 siut
444 3953 620 4056 chirurgi.
638 3955 811 4046 Quorum
829 3952 973 4056 ferrum
993 3975 1106 4026 cunc·

177 4095 210 4141 2.
910 4073 936 4150 6

1186 3911 1251 3964 A
