2750 4658
279 434 346 532 198
439 455 485 504 nt
511 445 657 500 anninus
682 453 727 498 nr
752 449 875 500 causis
900 447 1110 502 nonnonutr

277 588 362 661 net,
379 569 470 670 ipsis
489 565 681 638 Fernelius
703 565 929 663 quoque(1)
947 566 1134 639 interdum
1136 572 1276 668 palatro

276 689 536 779 nesconfertos
548 681 817 783 deprehendit,
825 681 1087 782 plurimosque
1096 687 1136 758 in
1143 689 1276 785 juvene

277 807 443 910 quodam
457 805 633 877 inventos
647 802 870 873 memoravit
886 805 1077 876 Gesnetus
1090 798 1161 902 (a),
1170 828 1275 903 quant

270 926 460 1029 plurimos
471 923 510 992 in
527 919 683 990 muliere
694 917 877 991 Hildanus
889 918 965 1016 (3),
977 921 1125 1019 aliquot
1140 939 1276 996 centum
1352 1005 1353 1022 χ

277 1049 319 1118 in
334 1043 501 1117 studioso
517 1035 834 1110 Huldenreichius
844 1037 899 1135 (4)
910 1092 922 1128 ,
934 1040 975 1109 in
987 1039 1060 1110 alio
1071 1043 1275 1113 innumeros
1352 1041 1353 1046 ’

276 1167 469 1260 Raygerus
489 1156 578 1256 (5);
595 1172 638 1229 ut
660 1157 790 1230 sileam
814 1171 989 1248 caeteroa,
1010 1183 1153 1257 eoaque
1175 1162 1274 1233 etiam

192 1323 197 1331 ι
280 1280 347 1378 qui
372 1278 546 1374 rejectos‘
560 1292 926 1366 commemorarunt,
953 1275 1163 1374 dequibus
1188 1277 1275 1348 dnos

279 1393 578 1468 nominare'natis
597 1407 674 1482 est,
688 1392 891 1466 Hildanutn
905 1393 979 1492 (6),
995 1395 1062 1493 qui
1079 1397 1274 1492 infint'tosa

278 1513 470 1614 phthisico
490 1511 659 1584 redditos
680 1511 845 1611 scripsit,
862 1519 900 1585 et
919 1512 1194 1586 Boerhaavium
1208 1512 1273 1612 (7),
1353 1503 1354 1546 ³

280 1633 348 1730 qui
366 1655 388 1702 a
407 1631 609 1704 Vaillantio
633 1631 773 1727 ejectos
790 1630 946 1704 tradidit
970 1631 1275 1730 quadringentos,
1353 1641 1354 1648 ’

279 1773 441 1848 eosque,
460 1764 503 1820 ut
525 1748 571 1820 de
587 1749 845 1846 magnitudine
863 1750 976 1822 etiam
991 1750 1185 1840 dicamus,
1205 1772 1276 1822 om·

280 1892 349 1940 nes
371 1868 541 1966 exiguos..
561 1867 669 1940 seda
689 1877 896 1966 granorum
912 1869 1007 1940 milii
1027 1869 1277 1967 magnitudine

283 2007 379 2084 saepe
393 1984 440 2056 ad
457 1985 591 2074 lentis,
606 1983 654 2056 ad
673 1986 764 2083 pisi,
779 1985 828 2058 ad
847 1987 995 2075 ciceris,
1011 1985 1059 2058 ad
1076 1984 1169 2057 fabae
1187 2007 1278 2084 mag·
1354 2023 1355 2054 i

281 2103 494 2176 nitudinem
508 2117 683 2178 crescunt
699 2130 708 2172 ε
726 2108 820 2201 quin
834 2105 1058 2176 Benivenius
1067 2104 1134 2202 (8),
1146 2119 1185 2178 et
1193 2107 1278 2175 Pra-
1354 2099 1355 2102 '

281 2222 406 2293 votius
422 2238 551 2294 noster
560 2222 614 2320 (9)
629 2223 850 2296 extussitum
867 2222 1065 2312 viderunt,
1082 2223 1146 2296 ille
1162 2225 1229 2322 qui
1239 2221 1278 2294 ad

282 2339 488 2410 avellanam
503 2338 725 2436 aequandam
743 2340 958 2429 accederet,
977 2340 1118 2438 hicqui
1130 2355 1279 2412 cornuue

284 2479 367 2527 cem
387 2473 589 2554 superaret.
604 2457 779 2532 ‘Grandes
793 2483 945 2558 quoque
961 2457 1103 2530 fiterint
1121 2473 1278 2559 oportet,

285 2597 383 2670 quos
399 2573 607 2646 mirabatur
617 2575 830 2669 Kochlerus
843 2575 924 2674 (io)
939 2577 1019 2648 sine
1035 2577 1199 2650 instante
1212 2572 1276 2649 sus·
1355 2657 1356 2698 1

285 2686 473 2760 focatione
490 2715 559 2788 per
574 2692 741 2790 glottidis
757 2695 890 2766 rimam
905 2693 1034 2792 egredi
1051 2695 1233 2792 potuisse,
1248 2705 1276 2761 et

285 2829 374 2878 sane
388 2807 427 2877 in
446 2809 605 2880 transitu
619 2832 788 2910 asperam
802 2811 988 2884 laedebant
1003 2813 1178 2883 asteriam
1192 2837 1201 2880 :
1216 2831 1275 2881 uec

390 3331 473 3386 Ceut.
491 3350 523 3401 a,
538 3332 604 3387 obs.
619 3351 667 3407 29.
848 3414 852 3423 1
950 3369 955 3382 ,

390 3426 465 3502 Eph.
481 3433 518 3486 N.
534 3433 567 3488 C.
584 3434 655 3488 Dec.
673 3451 699 3503 1,
712 3436 748 3488 Α.
764 3431 800 3503 6,
815 3431 878 3489 οὓς.
892 3445 961 3488 att.

389 3529 526 3585 Earumd.
544 3531 616 3588 Dec.
635 3532 668 3601 3,
684 3534 720 3589 A.
738 3531 772 3603 3,
789 3531 854 3589 obs.
867 3529 936 3598 aad.

391 3627 474 3682 Ceut.
493 3629 526 3700 6,
542 3632 607 3686 obs.
624 3648 672 3687 aa.

390 3729 518 3785 Praelect.
533 3730 565 3784 in
577 3731 673 3786 Instit.
688 3735 704 3802 S
718 3729 785 3788 835.

389 3828 479 3900 Apud
493 3826 637 3887 Schenck.
651 3833 710 3886 loc.
728 3831 777 3888 cit.

392 3926 460 3982 Vid.
478 3930 584 3986 Rhodii
599 3930 669 3986 Obs.
686 3931 736 3987 cit.
754 3947 842 4006 supra
854 3930 893 3986 ad
902 3947 933 3986 n.
952 3947 997 4004 19.

410 4027 572 4088 Commerc.
587 4032 691 4117 Litter.
705 4051 753 4090 an.
771 4037 864 4104 1741,
877 4029 973 4089 Hebd.
989 4029 1007 4086 8
1021 4028 1052 4085 in
1067 4027 1118 4085 fin.
