2812 4660
132 408 201 454 mn.
231 406 270 455 11.
298 407 345 452 na
371 403 508 452 aroneis
532 405 731 472 rnonacrs,
756 408 868 456 rrlsr.
896 411 984 457 xvn.
1014 387 1083 487 367

73 519 239 592 molesto
259 517 408 590 cuidam
432 503 613 615 ponderis
632 521 775 606 sensui,
794 536 831 594 et
849 526 1085 597 constrictio-

72 640 153 724 niS,
170 638 277 736 quasi
296 661 382 708 cum
400 636 440 706 in
457 636 582 710 medio
600 636 806 735 oesophago
819 637 931 711 bolus
947 640 1084 716 haeret:

74 758 158 852 ejus
185 781 316 831 sensus
335 755 462 828 sedem
485 755 606 830 videri
626 755 697 832 sibi
714 757 753 826 in
776 756 930 832 thorace
949 759 1083 834 intimo

72 889 212 972 contra¹
229 872 391 946 mediam
412 873 528 946 sterni
541 873 757 972 regionem3
773 875 845 946 uisi
862 876 966 972 quod
985 903 1085 950 non·

73 1015 293 1088 nunquam,
312 989 377 1064 sed
395 1015 502 1076 raro,
521 1013 567 1062 eo
588 1014 708 1088 usque
730 991 1024 1084 extendebatur,
1042 997 1089 1070 ut¹

72 1107 210 1190 infimo
236 1123 364 1181 sterno
381 1106 628 1205 responderet
646 1134 653 1177 :
673 1123 764 1180 tunc
783 1133 873 1180 vero
902 1127 938 1182 et
963 1115 1084 1213 respi-

70 1228 260 1302 rationem
276 1225 452 1298 nonnihil
463 1224 556 1310 laedi,
566 1240 603 1298 et
613 1226 872 1324 gravissimum
887 1241 1082 1329 stuporem

71 1342 278 1440 quemdam
296 1339 458 1417 diffundi
469 1367 539 1442 per
551 1358 757 1442 utrumque
771 1361 895 1416 artum
913 1352 1084 1454 superjo-

71 1482 168 1532 rem.
183 1463 228 1536 Et
244 1460 351 1537 initio
364 1460 518 1558 quidem
532 1484 619 1536 eum
635 1485 785 1536 sensum
802 1478 929 1535 ortum
946 1465 1085 1541 sibies-⁴

72 1601 114 1652 se
139 1577 320 1656 duntaxat
343 1579 442 1653 inter
464 1576 759 1666 ambulandum,
779 1583 983 1676 prasertim
1012 1609 1082 1683 per

72 1695 248 1786 acclivia;
274 1711 404 1795 postea
432 1719 523 1769 vero
549 1695 659 1767 etiam
685 1719 772 1767 cum
798 1719 836 1766 se
860 1697 1081 1793 inclinaret,
1164 1763 1166 1768 .
1207 1787 1215 1797 ¹

74 1838 199 1910 eoque
229 1814 366 1890 insitu
389 1825 640 1910 permaneret.
668 1814 823 1884 Perraro
845 1829 989 1904 aestate,
1019 1834 1083 1890 aut

71 1945 161 2008 aute
174 1931 375 2029 prandium
392 1929 502 2004 oriri:
515 1928 648 2027 saepius
657 1927 804 2027 hyeme,
819 1945 887 2002 eta
904 1933 1081 2028 prandio,

72 2062 110 2119 et
126 2073 215 2126 cum
227 2049 365 2126 lectum
378 2061 534 2146 peteret.
554 2046 781 2144 Plerumque
794 2049 867 2120 cito
882 2073 1082 2126 evanesce-

71 2191 133 2254 re,
151 2166 296 2244 sistet:
316 2183 353 2241 at
377 2190 522 2262 nupera
545 2164 680 2262 hyeme
701 2189 790 2238 cum
811 2165 1093 2261 dormientem,

71 2283 176 2381 quod
194 2299 305 2362 autea
324 2283 511 2358 acciderat
526 2306 743 2379 nunquam,
759 2285 966 2376 excitasset,
984 2287 1078 2362 duas

69 2415 191 2480 tresve
211 2400 340 2490 horae,
359 2401 503 2479 etiamsi
517 2416 744 2488 surrexerat,
763 2403 977 2498 perstitisse.
998 2411 1077 2478 ‹3ae-

68 2533 194 2596 terum
205 2542 328 2615 neque
342 2517 593 2615 pulsationem
606 2517 838 2615 percipiebat
850 2520 984 2612 ullam,
1006 2547 1074 2596 ne-

69 2662 143 2734 que
152 2636 442 2711 intermittentes
450 2634 763 2734 pulsushahebat;
773 2635 936 2712 hahebat
946 2656 1072 2716 tamen

49 2805 54 2818 .
70 2753 178 2832 valde
194 2751 665 2851 frequentes,etrihratos,
682 2777 770 2846 cum
780 2754 898 2853 ipsos,
914 2759 1074 2835 molesto

71 2873 136 2946 illo
156 2895 269 2948 seusu
283 2870 385 2948 haud
402 2896 560 2969 prorsus
577 2871 730 2944 absente
747 2925 757 2961 ,
774 2861 1072 2972 exploraremus:
1103 2938 1105 2945 .

72 3015 152 3087 quo
160 2989 272 3067 etiam
283 3004 456 3088 tempore
467 3003 567 3062 arcte
579 3013 756 3086 appresso
765 2991 863 3064 circa
871 2995 1074 3064 mamillam

71 3107 260 3181 sinistram
296 3130 520 3193 mauu,ch
550 3105 746 3202 aliquanto
767 3107 926 3180 validius
958 3135 1072 3208 quam

71 3223 794 3324 aequumestetpulsarevisumest.Cum
802 3239 1076 3325 praetereaque

69 3341 169 3417 dicte
191 3355 294 3431 sunt,
312 3339 407 3417 nihil
427 3363 588 3438 usquam
605 3339 693 3410 mali
713 3340 988 3440 interrogando
1008 3347 1072 3419 de·

69 3458 408 3557 prehenderemus,
416 3459 623 3557 prasertim
633 3483 723 3529 vero
737 3483 863 3556 neque
874 3461 1075 3560 cephalica

69 3573 1076 3681 nequehypoeoudriacaeaffectionisvestigiumsubes-

67 3720 120 3782 se,
131 3693 245 3771 ambo
263 3695 445 3793 suspicari
456 3694 650 3792 coepimus,
668 3697 898 3794 retropulsas
918 3700 1009 3771 olim
1021 3703 1073 3772 ir-

68 3814 226 3892 ritantes
244 3811 517 3909 erodentesque
533 3810 670 3884 scabiei
681 3813 886 3908 particulas
902 3839 980 3887 non
997 3832 1072 3887 tam

69 3931 239 4030 ganglio,
262 3943 327 4006 aut
350 3929 475 4028 plerui
502 3927 652 4002 cuidam
668 3947 892 4020 nervorum,
911 3955 1076 4030 praecor·
