2812 4660
126 449 197 495 cns.
225 449 265 494 11.
293 449 339 494 nn
366 445 719 509 uonntsrnons01S‚
745 445 856 492 urtsr.
882 448 986 493 xvrn.
1015 425 1083 524 397
1189 429 1192 434 ’

75 578 162 650 tur,
176 561 280 632 velut
296 566 336 631 in
356 557 527 658 ea'quam
544 561 709 631 sectione
724 563 740 628 Ι
757 558 844 629 libri
857 564 892 629 ΙΙ
902 562 940 629 in
955 565 1086 659 Sepul-

75 677 288 776 chretolr)
311 679 435 776 legere
460 692 523 750 est.
545 678 623 748 Etsi
651 677 812 755 enimin
838 677 1083 774 pulmonum,

74 798 216 895 pleurae
250 809 286 866 et
314 794 524 893 pericardio
559 793 857 882 adhaerentium,
890 794 1085 871 bronchiis

74 915 197 986 sanies
216 938 296 984 non
313 912 455 999 deerat,
475 935 598 1007 neque
618 910 705 997 alia,
724 910 830 982 valde
855 910 902 982 ab
924 915 1085 986 naturali

74 1030 345 1102 constitutione
358 1043 520 1116 remota,
531 1028 571 1096 in
584 1026 723 1122 quibus
738 1029 878 1099 sinistri
894 1029 1084 1126 pulmonis

74 1147 285 1222 substantia
295 1160 491 1242 compacta
505 1159 542 1214 et
551 1143 667 1215 densa
677 1199 687 1231 ,
699 1147 880 1218 subrubra
894 1146 1084 1244 pallidum

72 1265 221 1362 hepatis
228 1263 486 1360 parencltyma
496 1276 777 1360 repraesentaus,
792 1261 867 1334 hoc
877 1278 932 1334 est
941 1264 1082 1355 lethali,

74 1380 141 1454 sed
165 1381 318 1450 minime
336 1378 389 1451 ibi
406 1381 551 1476 agnita,
572 1377 868 1450 inflammatione
887 1395 1080 1479 correpta;

72 1523 154 1570 non
169 1511 247 1568 erat
259 1509 385 1568 tamen
399 1496 478 1566 ullo
496 1496 612 1567 modo
623 1497 722 1568 inter
733 1520 861 1567 causas
869 1495 969 1569 illius
983 1499 1081 1570 asth-

73 1615 185 1686 matis
195 1637 262 1684 cor
275 1611 525 1684 omittendum
537 1666 546 1700 ‚
558 1613 662 1706 cujus
676 1627 778 1682 tanta
790 1610 1081 1707 amplificatione
1136 1672 1139 1684 ,

74 1732 286 1809 circumitio
305 1729 496 1828 sanguinis
520 1743 577 1816 et,
606 1729 709 1825 quod
730 1731 995 1825 consequitur,
1013 1757 1083 1829 per

72 1873 160 1922 vasa
178 1848 403 1945 pulmonum
424 1846 602 1917 transitus
623 1845 784 1916 multum
811 1847 945 1942 procul
964 1846 1082 1920 dubio

73 1966 259 2040 retardari
273 1964 444 2038 debebat.
462 1969 549 2034 Erat
568 1964 669 2033 enim
685 1987 751 2033 cor
766 1953 933 2050 vastum,
947 1964 1084 2064 trmpl'-

74 2083 200 2158 tudini
207 2080 418 2180 pericardit'
431 2079 675 2176 respondens,
690 2081 768 2150 haec
781 2096 902 2152 autem
921 2081 1016 2154 adeo
1028 2086 1083 2154 in-

72 2226 169 2300 gens
187 2216 282 2287 crat,
300 2214 342 2270 ut
353 2197 609 2296 pericardt‘um
627 2197 773 2268 dicatur
790 2213 908 2268 totam
920 2201 1083 2273 thoracis

71 2324 276 2390 cavitatem
292 2320 497 2400 moestiuse.
523 2319 673 2405 Quanto
695 2315 819 2403 aliter,
837 2317 932 2386 utin
950 2317 1081 2389 eadem

70 2435 244 2508 sectione
264 2430 330 2528 (α)
351 2433 469 2529 leges,
496 2455 653 2530 magnus
678 2433 847 2505 medicus
871 2434 1079 2508 Ballonius:

74 2548 254 2646 Quidam,
264 2548 807 2648 inquit,dt'sflculterspt'rabat,
821 2551 1078 2643 anbeluserat,

68 2679 299 2740 macrueratt
320 2668 452 2736 Omnes
466 2670 695 2752 accusabant
702 2667 913 2766 pulmones.
931 2675 1078 2768 Aperto

68 2781 256 2856 cadavere
270 2780 367 2851 nihil
384 2783 705 2855 ‘commemorabile
717 2791 755 2854 ia
758 2785 942 2882 pulmone
957 2813 1078 2884 reper-

69 2917 162 2970 tum.
177 2902 267 2986 Cor,
278 2895 384 2994 quod
391 2897 613 2970 admirabile
621 2953 632 2986 ,
647 2903 843 2996 majusculi
851 2909 985 2998 capitis
998 2931 1078 2976 ma·

65 3013 306 3112 gnituclt'dem
326 3016 523 3109 aequabat:
543 3016 640 3086 adeo
664 3023 885 3105 increverat,
903 3033 945 3087 ut
962 3028 1080 3092 omnis

70 3136 267 3227 sanguinis
282 3145 319 3200 et
330 3135 480 3228 spiritus
496 3135 661 3222 eofacta
676 3139 725 3202 sit
739 3145 824 3228 ecgfet
842 3151 878 3206 et
892 3147 1023 3225 evvrpul.
1033 3143 1077 3210 Et

72 3251 128 3320 sic
144 3247 209 3319 ille
221 3247 376 3344 quidem
385 3261 428 3317 ut
442 3271 486 3317 eo
497 3262 678 3345 tempore.
694 3255 841 3322 Marcus
853 3267 977 3323 autem
986 3259 1078 3326 Ger·

71 3365 205 3438 bezius
229 3363 283 3461 (3)
303 3367 342 3435 in
365 3363 571 3453 monacho,
596 3373 657 3437 cui
682 3383 788 3438 tanta
817 3369 938 3440 cordis
963 3374 1078 3446 moles

72 3498 180 3566 erat,
202 3496 244 3552 ut
261 3481 303 3552 tu
320 3481 374 3551 acl
396 3481 578 3556 bilancem
586 3491 755 3582 positum
775 3492 924 3582 triginta
946 3497 1075 3565 uncias

110 3779 159 3857 (1)
181 3781 218 3835 In
232 3779 382 3835 Additam.
398 3780 468 3838 vid.
485 3781 584 3839 schol.
598 3779 636 3836 ad
649 3781 722 3838 Obs.
737 3783 784 3849 34.

112 3878 161 3955 (2)
182 3879 254 3936 Obs.
267 3897 317 3952 91.
369 3900 371 3906 ·

114 3977 160 4058 (3)
181 3975 258 4054 Eph.
271 3981 309 4066 N.
326 3979 359 4036 C.
374 3981 446 4037 Dec.
463 3979 493 4052 3,
506 3982 542 4038 A.
556 3997 592 4054 9,
606 3980 670 4036 obs.
686 3981 751 4038 223.
