2812 4660
314 417 384 494 322
477 437 531 483 na·
551 431 698 481 snnraus
723 433 769 481 rr
793 431 919 482 cans1s
945 433 1158 512 nonaonmr

311 581 332 626 a
352 552 499 624 sinistra
516 547 670 647 quidem
694 549 812 646 magis
833 561 959 646 parte,
985 553 1215 651 occupabat;
1234 583 1311 630 nam

269 693 271 697 ·
310 672 348 743 id
360 669 631 768 impedimento
647 667 775 764 potius
788 654 937 755 fuisset,
954 683 997 740 ut
1012 667 1090 742 fere
1104 674 1313 764 solet;nein

310 789 525 876 dexterum,
544 810 658 884 quam
675 809 724 856 ne
736 784 775 853 in
790 785 982 856 sinistrum
997 789 1154 864 cubaret
1169 793 1271 868 latus.

359 908 391 978 8.
420 909 487 976 Vir
504 897 694 1001 sexaginta
707 927 828 974 annos
848 917 975 993 natus,
1000 906 1216 1006 orthopnea
1243 937 1314 984 eor-

309 1026 458 1125 ripitur.
478 1023 550 1095 Vix
566 1021 613 1093 de
623 1021 787 1126 pectoris
805 1023 1051 1119 oppressione
1068 1033 1312 1128 potestqueri.

311 1145 443 1216 Pulsus
458 1168 478 1212 a
496 1139 658 1212 naturali
684 1163 841 1211 suorum
863 1156 1037 1212 motuum
1056 1143 1138 1242 lege
1164 1171 1244 1218 non
1259 1147 1312 1220 de-

314 1263 438 1334 clinat.
462 1258 628 1330 Tandem
647 1259 930 1354 ingravescente
950 1260 988 1329 in
1009 1259 1092 1342 dics·
1108 1267 1312 1362 respirandi

307 1377 544 1467 difficultate,
569 1377 621 1448 sic
638 1376 826 1474 inspirans
846 1377 1116 1478 exspiransque
1128 1371 1141 1470 ,⁵
1162 1383 1246 1467 obit
1262 1384 1312 1456 die

312 1515 427 1571 sexto.
759 1510 762 1515 ’

310 1639 314 1648 ·
356 1615 524 1686 Thorace
540 1627 690 1711 aperto,
710 1613 914 1710 pulmones
934 1610 982 1685 ad
1005 1619 1218 1713 posteriora
1238 1619 1312 1692 duri

307 1732 561 1830 aliquantum,
583 1745 741 1828 atroque
760 1728 894 1803 infecti
912 1733 1039 1804 colore
1058 1734 1309 1820 inveniuntur.

306 1855 382 1924 Cor
400 1847 641 1948 praegrande,
660 1873 836 1945 magnam
860 1848 1082 1948 polyposam
1109 1843 1311 1926 concretio·

304 1993 393 2041 nem
405 1967 615 2038 ventriculo
626 1966 781 2038 dextero
790 1966 1027 2040 continebat:
1047 1971 1181 2068 quaein
1192 1975 1311 2070 proxi·

304 2112 406 2159 mam
422 2084 626 2156 auriculam
648 2109 829 2183 expansa,
847 2084 947 2158 hanc
965 2084 1060 2157 adeo
1080 2087 1309 2180 dilataverat,
1393 2087 1394 2104 ¹

304 2223 347 2278 ut
366 2207 500 2302 ingens
512 2217 676 2301 aequaret
695 2204 949 2304 marsupium:
974 2205 1184 2304 longasque
1207 2210 1247 2279 in
1263 2210 1310 2278 vi·

206 2339 211 2350 '
301 2325 388 2404 cina
402 2347 487 2394 vasa
504 2319 776 2419 productiones
796 2320 983 2411 mittebat,
995 2337 1037 2393 ut
1053 2323 1153 2418 justa
1167 2326 1310 2424 saugui-

304 2443 364 2512 nis
385 2441 493 2537 copia
511 2453 688 2537 prompte
712 2441 833 2537 excipi
857 2465 934 2510 non
956 2434 1093 2539 posset'.
1122 2445 1169 2511 ln
1188 2460 1310 2514 ventre

305 2583 418 2656 supra
429 2580 559 2627 renem
577 2557 781 2646 sinistrum,
796 2573 923 2654 tumor
933 2558 1121 2630 rotundus
1131 2561 1310 2658 apparuit,

304 2675 487 2774 proximis
502 2671 656 2770 quidem
668 2673 983 2773 eaeterispartibus
996 2701 1065 2774 per
1076 2677 1310 2750 membranas

305 2792 466 2866 firmiter
478 2792 664 2889 alligatus,
677 2794 761 2896 reni
777 2807 900 2864 autem
916 2795 1199 2866 succenturiato
1218 2811 1310 2868 arcte

304 2911 399 2990 adeo
416 2909 629 3000 adhaerens,
642 2926 684 2981 ut
694 2935 738 2982 ex
750 2935 826 2982 una
836 2926 942 3010 parte
953 2913 1220 2984 continuatum
1229 2937 1308 2985 cum

304 3031 387 3128 ipso
395 3025 715 3127 efficeretcorpus.
728 3034 779 3100 Ex
787 3029 1007 3127 glandulosa
1024 3030 1223 3102 constabat
1234 3028 1309 3102 suh

305 3149 455 3235 stantia,
468 3173 551 3245 quae
563 3147 610 3218 ad
625 3163 798 3218 centrum
816 3149 918 3221 sinus
933 3148 1096 3220 habehat
1108 3147 1207 3221 duos
1218 3149 1309 3218 inter

304 3290 343 3338 se
354 3265 540 3354 diversos,
552 3280 589 3336 et
606 3289 775 3337 serosum
786 3267 990 3362 quemdam
1004 3247 1208 3337 humorem
1224 3291 1308 3338 con·

301 3378 475 3455 sinentes.
499 3385 613 3479 Cujus
641 3385 767 3481 portio
796 3384 984 3475 humoris,
1008 3381 1086 3484 igni
1113 3385 1308 3480 imposita,

302 3503 516 3574 concrevit:
537 3500 670 3602 altera,
695 3499 815 3572 affuso
839 3504 989 3600 spiritu,
1018 3525 1132 3600 quem
1153 3515 1307 3588 vocant,

299 3618 492 3718 sulphuris
502 3672 512 3706 ,
523 3620 660 3690 sensim
675 3619 801 3690 colore
817 3636 898 3691 atro
908 3617 1045 3692 infecta
1060 3619 1306 3718 praecipitans,

297 3739 503 3810 multarum
523 3734 703 3808 horarum
722 3742 841 3836 spatio
858 3739 1051 3811 concrevit
1063 3751 1161 3808 tota:
1181 3738 1305 3822 tertia,

297 3855 457 3928 admisto
479 3853 612 3954 spiritu
637 3855 723 3930 salis
743 3856 988 3948 ammoniaci,
1012 3854 1128 3927 fluida
1146 3851 1305 3951 perstitit

293 3973 444 4073 jugiter.
