2812 4660
288 465 358 554 3Δο
453 484 500 534 uu
525 481 670 534 sturnus
694 484 738 531 ur
764 482 887 532 causis
912 485 1123 538 nonnonuu

284 625 433 703 gravem
449 598 633 671 edebant:
654 619 788 694 pressae
799 596 902 694 gula,
921 612 958 670 et
969 598 1142 698 pharynx
1155 601 1290 677 diffici-

281 713 355 793 lem
383 719 564 816 primum,
589 731 676 784 mox
702 713 851 786 nullum
875 714 1062 790 alimentis
1089 723 1289 794 transitum

281 835 497 936 praebebant
519 861 527 902 ε
554 855 706 931 pressus
723 830 887 928 denique
911 834 1068 907 truncus
1087 838 1213 933 major
1229 841 1289 936 ju-

282 956 420 1056 guleris
432 977 552 1040 venae,
570 949 608 1021 id
625 963 679 1022 est
693 951 848 1021 internae'
858 950 1024 1023 reditum
1037 957 1234 1051 sanguinis
1246 959 1288 1030 e'x

281 1069 558 1172 superioribus,
578 1084 615 1139 et
630 1067 834 1165 praesertim
847 1065 893 1137 eir
913 1067 1087 1159 cerebro,
1105 1073 1286 1171 impedie-

279 1190 362 1277 bat,
380 1185 481 1259 unde
505 1181 633 1272 dolor,
654 1183 793 1270 rubor,
812 1181 1072 1257 s'ubdelirium.
1088 1189 1286 1278 ,Quoniam

279 1324 406 1381 tamen
430 1318 466 1374 et
481 1301 663 1399 juguleris
681 1300 850 1396 ejusdem
868 1325 971 1372 venae
985 1303 1165 1376 laceratio
1195 1308 1287 1379 indi·

280 1438 404 1506 catur,
430 1435 466 1491 et
483 1415 666 1491 nonnulla
685 1413 724 1486 io
742 1441 784 1486 ca
808 1415 1041 1516 dissectionis
1062 1435 1170 1517 parte
1201 1424 1251 1496 ita
1267 1449 1285 1494 a

266 1531 446 1613 'Valsalva
465 1538 600 1634 scripta
621 1548 725 1622 sunt,
744 1548 784 1604 ut
805 1531 961 1607 fortasse
979 1536 1084 1608 aliter
1106 1562 1150 1609 ac
1172 1540 1283 1630 mihi,

179 1701 182 1710 2
276 1649 397 1728 videri
405 1654 473 1726 tibi
489 1654 635 1751 possint
649 1649 865 1748 accipienda
875 1677 885 1739 ;
895 1652 979 1748 ipsa
989 1676 1035 1724 eo
1047 1653 1087 1724 in
1101 1655 1191 1727 loco
1203 1680 1285 1728 auc-

276 1775 368 1848 t'oris
383 1769 499 1844 verba
512 1765 680 1867 proferre
700 1767 815 1838 malui
832 1768 958 1865 qualia
973 1769 1101 1841 iuveni
1112 1825 1122 1858 ‚
1152 1788 1191 1844 et
1208 1773 1282 1846 hoc

275 1883 395 1964 unum
404 1888 720 1974 admonere,eum
731 1884 957 1956 eambabuit
967 1884 1282 1980 observationem,

274 1998 571 2080 necdum'aunos
585 2017 714 2074 natum
729 1998 842 2074 fuisse
853 2017 927 2074 tres
942 2018 980 2074 et
993 2003 1125 2100 viginti
1139 2032 1147 2076 ε
1162 2032 1281 2104 quan·

275 2117 389 2224 quain
408 2119 505 2195 circa
516 2118 621 2193 idem
632 2134 798 2217 tempus,
816 2135 853 2192 et
867 2120 976 2190 aliam
989 2119 1138 2211 habuit,
1152 2123 1194 2194 in
1209 2149 1280 2224 qua

273 2243 371 2317 nihil
387 2235 613 2312 haesitemus.'
652 2267 655 2272 ·
716 2301 718 2304 .
774 2269 776 2272 ·

203 2391 205 2394 ·
299 2350 305 2360 ’
324 2351 375 2432 Ea
392 2359 463 2429 erit
479 2358 601 2454 prima
617 2354 667 2426 de
680 2352 801 2426 tribus
812 2356 1010 2452 proximis,
1022 2357 1063 2426 iu
1075 2356 1219 2454 quibus
1233 2361 1276 2433 si.

274 2466 356 2550 niul
375 2468 519 2562 cordis,
544 2488 581 2545 et
602 2496 744 2569 magnae
769 2473 910 2544 arteriae
937 2497 1161 2570 aiteurysma
1186 2501 1277 2550 con-

267 2585 404 2693 -spexitss
476 2586 479 2590 ’
516 2586 520 2594 ’
576 2603 579 2610 “

294 2757 299 2762 -
325 2735 381 2782 21.
407 2703 559 2806 Pauper
569 2703 713 2777 anuum
736 2731 849 2804 agens
868 2708 1136 2805 sexagesimum
1163 2712 1274 2807 quin·

274 2845 376 2914 tum,
392 2819 693 2923 cum'sanguineo
706 2840 801 2896 esset
811 2839 1132 2922 temperamento,
1153 2842 1192 2899 et
1203 2853 1278 2902 cor·

272 2946 377 3047 poris
395 2933 483 3015 'satis
506 2939 607 3013 bona
627 2941 915 3030 constitutione,
935 2954 1020 3012 ante
1044 2941 1191 3039 aliquot
1212 2970 1276 3016 an-

272 3089 343 3141 uos
366 3063 501 3142 tentari
523 3085 592 3158 per
617 3058 810 3130 intervalla
841 3074 1005 3155 coeperat
1030 3065 1275 3158 oppressione

272 3180 435 3278 quadam
458 3178 620 3274 pectoris
643 3201 730 3246 cum
747 3176 859 3273 pulsu
879 3199 983 3265 raro,
1010 3191 1138 3262 teum,
1159 3204 1204 3250 ac
1224 3181 1276 3252 vi-

264 3290 1276 3390 beato,consequenteanimiviriumqoedefectu.Men-

273 3439 312 3486 se
331 3426 455 3486 autem
472 3408 663 3481 decembri
680 3435 780 3480 anno
805 3409 914 3506 1687,
933 3414 1019 3480 cum
1036 3411 1204 3482 tertianae
1223 3409 1273 3484 fe-

271 3530 350 3602 bris
369 3550 478 3600 causa
497 3528 536 3595 in
561 3525 661 3596 idem
685 3527 945 3597 nosocomium
969 3540 1142 3622 receptus
1158 3543 1271 3616 esset,

271 3669 435 3741 cumque
442 3644 518 3738 jam
534 3639 648 3713 febris
666 3641 917 3714 remediorum
933 3665 1005 3740 ope
1016 3635 1207 3716 remittere
1218 3646 1270 3715 vi-

270 3763 441 3845 deretur;
458 3753 621 3857 pectoris
637 3759 812 3856 angustiae
827 3757 914 3828 cum
928 3755 1171 3856 palpitatione
1190 3783 1268 3830 eor-

270 3881 328 3952 dis
353 3879 447 3950 adeo
475 3874 681 3962 invaluere,
711 3889 753 3945 ut
776 3875 873 3944 circa
892 3873 1137 3946 undecimum
1158 3873 1269 3947 febris

271 3994 371 4068 diem
389 4009 426 4066 et
439 3989 511 4066 sibi
526 4005 564 4064 et
579 3991 718 4063 caeteris
737 3992 852 4064 morti
868 3990 1155 4090 jamproximus
1171 3991 1267 4066 vide-
