2842 4672
220 393 291 442 mn.
310 395 344 460 ιι.
372 383 428 440 nn·
444 389 580 440 nonnis
604 389 760 456 cirrus,
784 390 896 443 nnsr.
919 395 1002 444 xm.
1070 371 1117 445 65

111 523 250 600 noctu,
273 532 344 579 nec
361 505 591 592 mordendo,
620 504 684 577 sed
713 519 860 578 tantum
886 507 1015 579 relicta
1040 509 1117 600 ala,

113 639 317 714 nocuerat,
343 649 424 721 quae
448 623 556 695 ulcus
581 623 631 694 ita
658 638 701 694 ut
726 620 819 711 dixi,
843 625 1001 696 omnino
1022 624 1119 699 refe-

112 743 245 832 rebat,
276 765 365 812 nam
396 765 457 814 me
485 764 640 837 quoque
664 753 756 812 tuuc
775 741 1121 838 peradulescentem

113 875 320 959 spectasse,
337 873 377 930 et
392 858 500 929 ulcus
517 855 738 947 credidisse,
756 858 931 954 praeclare
953 861 1119 932 memini.

112 977 190 1058 Sed
208 974 391 1066 facetiam
408 974 516 1046 ulcus
534 971 662 1062 fuisse;
681 972 737 1043 ala
757 973 819 1044 illa
837 989 962 1048 tamen
981 993 1121 1067 amota,

116 1097 267 1181 statim,
285 1107 327 1164 ut
346 1091 467 1164 ablata
484 1113 612 1180 causa,
627 1091 752 1160 omnia
761 1093 997 1165 remiserunt.
1016 1098 1124 1167 Tanti
1216 1077 1219 1084 ⁴

115 1236 213 1310 ergo
228 1213 382 1282 interest
400 1210 538 1307 primas
559 1207 780 1280 morborum
798 1234 945 1296 causae,
962 1227 1000 1282 et
1016 1236 1123 1284 occa·
1149 1253 1153 1258 ·

117 1332 265 1417 siones,
284 1326 380 1399 nihil
398 1325 644 1428 negligend0,
667 1327 840 1418 sollicite,
866 1344 903 1401 et
924 1328 1124 1428 diligenter

116 1447 326 1546 inquirere.

167 1570 227 1652 24.
254 1565 364 1638 Nunc
385 1561 538 1659 quando
555 1563 601 1635 de
619 1587 764 1664 corneae
782 1562 926 1639 morbis
941 1568 991 1638 ita
1010 1569 1127 1641 verba
1205 1651 1208 1656 ,

118 1679 244 1754 lacere
260 1680 506 1770 instituimus,
534 1695 577 1753 ut
596 1706 678 1778 quae
698 1683 931 1782 inspectione
950 1683 1124 1782 quidem,

119 1799 187 1872 sed
205 1798 313 1870 nulla
327 1797 471 1894 adjecta
491 1796 732 1886 dissectione,
753 1799 1048 1873 animadvertere
1068 1805 1125 1884 in-

121 1916 277 1990 terdum
302 1915 426 2004 licuit,
456 1915 786 2012 proposuerimus;
813 1917 924 1987 missa
951 1910 1128 1993 faciemus

122 2059 208 2134 quae
217 2033 264 2106 de
272 2032 366 2106 albis
374 2031 614 2130 quibusdam,
624 2057 706 2129 quae
716 2033 756 2104 in
763 2032 879 2130 ipsius
891 2033 1033 2105 ambitu
1047 2061 1126 2109 esse

120 2152 320 2240 videntur,
335 2147 581 2248 opacitatibus
598 2173 677 2220 non
697 2149 776 2220 sine
793 2148 958 2247 scalpelli
974 2176 1046 2251 ope
1061 2153 1127 2226 de-

121 2268 412 2371 prehendimus,
429 2268 459 2338 si
469 2267 752 2356 enimvolueris,
765 2291 807 2338 ea
820 2270 960 2364 poteris
976 2268 1126 2370 alibi(1)

120 2389 268 2488 legere:
298 2384 401 2484 quod
426 2384 561 2456 vellem
582 2409 604 2455 a
632 2383 852 2456 Maucharto
871 2411 949 2460 esse
967 2377 1125 2478 lactum,

123 2505 189 2578 ubi
205 2504 261 2603 (a)
276 2501 595 2602 quemadmodum
608 2501 792 2592 ostendit,
810 2527 886 2574 non
896 2512 1022 2603 exigui
1029 2496 1128 2579 hanc

123 2649 197 2701 esse
214 2623 506 2694 observationem
519 2625 697 2692 momenti
710 2621 750 2690 in
773 2622 1045 2718 punctionibus
1064 2641 1130 2698 aut

124 2738 372 2814 incisionibus
400 2761 519 2836 prope
528 2762 583 2809 :ea
606 2738 689 2808 loca
706 2717 959 2828 instituendis,
985 2739 1036 2812 ita
1059 2745 1128 2813 mi-

125 2857 460 2955 ratur,ejusm0di
478 2857 696 2955 opacitates,
727 2881 930 2955 earumque
956 2874 1130 2931 naturam

116 2956 237 3050 ¹fuisse
245 2980 500 3074 praetereunt,
522 2975 600 3044 Hic·
615 2975 728 3073 igitur
750 2974 794 3045 iis
814 2975 975 3063 omissis,
1003 2980 1130 3073 potius
1146 2990 1161 3060 J

127 3091 337 3183 adnotabo,
366 3117 445 3164 non
466 3116 570 3180 raro,
588 3092 737 3190 vigente
757 3090 1009 3189 ophthalmia,
1033 3097 1130 3164 acci·

129 3211 247 3299 disse,
264 3224 307 3280 ut
330 3209 483 3310 medici,
511 3207 756 3308 chirurgique
782 3207 876 3278 mihi
895 3209 1131 3285 ostenderint

38 3311 43 3319 ’
128 3328 299 3400 modo-in
318 3341 456 3399 cornea
470 3325 815 3425 albugineS,modo
833 3341 935 3398 trans
954 3351 1131 3402 corneam

130 3449 236 3546 quasi
255 3469 346 3544 pus,
368 3461 432 3517 aut
449 3443 696 3544 puriformem
724 3447 935 3533 materiam,
963 3462 1005 3519 ut
1024 3447 1132 3547 ipsis,

129 3565 300 3662 mihique
314 3587 336 3634 a
354 3565 479 3660 primo
496 3588 583 3636 sane
602 3562 809 3635 videbatur.
825 3569 968 3637 Verum
980 3592 1060 3641 non
1077 3593 1131 3640 se·

167 3849 211 3928 (1)
232 3851 327 3926 Epist.
340 3853 429 3908 Anat.
447 3850 500 3922 16,
515 3871 545 3906 n.
561 3849 609 3907 28.

166 3947 209 4027 (α)
229 3951 355 4010 Dissert.
370 3952 407 4012 de
421 3941 547 4012 Maculis
561 3952 697 4024 Cornea,
713 3952 728 4021 s
741 3968 770 4025 9.
843 4019 846 4038 Ι
1082 4017 1085 4025 ἢ

202 4075 234 4121 2.
299 4045 303 4053 ’
967 4046 987 4117 5
