<?xml version="1.0" encoding="UTF-8"?>
<!DOCTYPE html PUBLIC "-//W3C//DTD XHTML 1.0 Transitional//EN"
    "http://www.w3.org/TR/xhtml1/DTD/xhtml1-transitional.dtd">
<html xmlns="http://www.w3.org/1999/xhtml" xml:lang="en" lang="en">
 <head>
  <title>
</title>
<meta http-equiv="Content-Type" content="text/html;charset=utf-8" />
  <meta name='ocr-system' content='tesseract 3.04.00' />
  <meta name='ocr-capabilities' content='ocr_page ocr_carea ocr_par ocr_line ocrx_word'/>
</head>
<body>
  <div class='ocr_page' id='page_1' title='image "./desedibusetcaus00chaugoog_0109.png"; bbox 0 0 2766 4670; ppageno 0'>
   <div class='ocr_carea' id='block_1_1' title="bbox 280 388 1142 472">
    <p class='ocr_par' dir='ltr' id='par_1_1' title="bbox 280 388 1142 472">
     <span class='ocr_line' id='line_1_1' title="bbox 280 388 1142 472; baseline -0.002 -16"><span class='ocrx_word' id='word_1_1' title='bbox 280 388 349 472; x_wconf 76' lang='lat'><strong>1⁰4</strong></span> <span class='ocrx_word' id='word_1_2' title='bbox 415 405 487 466; x_wconf 70' lang='lat' dir='ltr'><strong>,nr</strong></span> <span class='ocrx_word' id='word_1_3' title='bbox 512 404 658 454; x_wconf 80' lang='lat' dir='ltr'><strong>sanians</strong></span> <span class='ocrx_word' id='word_1_4' title='bbox 682 405 727 454; x_wconf 81' lang='lat' dir='ltr'><strong>rr</strong></span> <span class='ocrx_word' id='word_1_5' title='bbox 752 403 1111 456; x_wconf 71' lang='lat' dir='ltr'><strong>cinnomannorum</strong></span> <span class='ocrx_word' id='word_1_6' title='bbox 1136 423 1142 438; x_wconf 86' lang='lat'><em>·</em></span> 
     </span>
    </p>
   </div>
   <div class='ocr_carea' id='block_1_2' title="bbox 272 517 1375 2379">
    <p class='ocr_par' dir='ltr' id='par_1_2' title="bbox 272 517 1375 2379">
     <span class='ocr_line' id='line_1_2' title="bbox 272 517 1275 618; baseline 0 -26"><span class='ocrx_word' id='word_1_7' title='bbox 272 520 381 592; x_wconf 90' lang='lat' dir='ltr'><strong>tinuo</strong></span> <span class='ocrx_word' id='word_1_8' title='bbox 399 517 581 617; x_wconf 85' lang='lat' dir='ltr'><strong>intelligas</strong></span> <span class='ocrx_word' id='word_1_9' title='bbox 600 543 679 590; x_wconf 92' lang='lat' dir='ltr'><strong>non</strong></span> <span class='ocrx_word' id='word_1_10' title='bbox 698 519 814 610; x_wconf 90' lang='lat' dir='ltr'><strong>visas,</strong></span> <span class='ocrx_word' id='word_1_11' title='bbox 831 519 898 592; x_wconf 84' lang='lat' dir='ltr'><strong>sed</strong></span> <span class='ocrx_word' id='word_1_12' title='bbox 917 521 1097 618; x_wconf 85' lang='lat' dir='ltr'><strong>cogitatas</strong></span> <span class='ocrx_word' id='word_1_13' title='bbox 1114 518 1275 593; x_wconf 81' lang='lat' dir='ltr'><strong>uniones</strong></span> 
     </span>
     <span class='ocr_line' id='line_1_3' title="bbox 274 635 1279 736; baseline -0.002 -26"><span class='ocrx_word' id='word_1_14' title='bbox 274 639 315 710; x_wconf 89' lang='lat' dir='ltr'><strong>in</strong></span> <span class='ocrx_word' id='word_1_15' title='bbox 330 639 475 735; x_wconf 85' lang='lat' dir='ltr'><strong>origine</strong></span> <span class='ocrx_word' id='word_1_16' title='bbox 485 637 672 736; x_wconf 86' lang='lat' dir='ltr'><strong>proponi:</strong></span> <span class='ocrx_word' id='word_1_17' title='bbox 691 650 728 708; x_wconf 89' lang='lat' dir='ltr'><strong>et</strong></span> <span class='ocrx_word' id='word_1_18' title='bbox 742 661 831 709; x_wconf 89' lang='lat' dir='ltr'><strong>sane</strong></span> <span class='ocrx_word' id='word_1_19' title='bbox 847 660 934 708; x_wconf 90' lang='lat' dir='ltr'><strong>cum</strong></span> <span class='ocrx_word' id='word_1_20' title='bbox 948 661 1061 734; x_wconf 90' lang='lat' dir='ltr'><strong>supra</strong></span> <span class='ocrx_word' id='word_1_21' title='bbox 1071 635 1126 734; x_wconf 85' lang='lat'><strong>(1)</strong></span> <span class='ocrx_word' id='word_1_22' title='bbox 1138 635 1185 709; x_wconf 88' lang='lat' dir='ltr'><strong>de</strong></span> <span class='ocrx_word' id='word_1_23' title='bbox 1196 661 1279 710; x_wconf 80' lang='lat' dir='ltr'><strong>ner·</strong></span> 
     </span>
     <span class='ocr_line' id='line_1_4' title="bbox 272 753 1276 855; baseline 0 -29"><span class='ocrx_word' id='word_1_24' title='bbox 272 756 328 828; x_wconf 87' lang='lat' dir='ltr'><strong>vis</strong></span> <span class='ocrx_word' id='word_1_25' title='bbox 352 756 489 855; x_wconf 90' lang='lat' dir='ltr'><strong>opticis</strong></span> <span class='ocrx_word' id='word_1_26' title='bbox 510 753 709 843; x_wconf 88' lang='lat' dir='ltr'><strong>scriberet,</strong></span> <span class='ocrx_word' id='word_1_27' title='bbox 737 754 913 826; x_wconf 87' lang='lat' dir='ltr'><strong>universe</strong></span> <span class='ocrx_word' id='word_1_28' title='bbox 945 753 1120 843; x_wconf 84' lang='lat' dir='ltr'><strong>tradidit,</strong></span> <span class='ocrx_word' id='word_1_29' title='bbox 1151 761 1276 826; x_wconf 85' lang='lat' dir='ltr'><strong>omnio</strong></span> 
     </span>
     <span class='ocr_line' id='line_1_5' title="bbox 272 870 1277 970; baseline -0.002 -26"><span class='ocrx_word' id='word_1_30' title='bbox 272 897 469 946; x_wconf 82' lang='lat' dir='ltr'><strong>nervorum</strong></span> <span class='ocrx_word' id='word_1_31' title='bbox 486 871 623 943; x_wconf 90' lang='lat' dir='ltr'><strong>horum</strong></span> <span class='ocrx_word' id='word_1_32' title='bbox 632 876 753 970; x_wconf 83' lang='lat' dir='ltr'><strong>paria</strong></span> <span class='ocrx_word' id='word_1_33' title='bbox 765 870 874 970; x_wconf 85' lang='lat' dir='ltr'><strong>apud</strong></span> <span class='ocrx_word' id='word_1_34' title='bbox 888 875 1067 966; x_wconf 80' lang='lat' dir='ltr'><strong>originem</strong></span> <span class='ocrx_word' id='word_1_35' title='bbox 1081 895 1188 944; x_wconf 90' lang='lat' dir='ltr'><strong>suam</strong></span> <span class='ocrx_word' id='word_1_36' title='bbox 1201 876 1277 942; x_wconf 80' lang='lat' dir='ltr'><strong>urai-</strong></span> 
     </span>
     <span class='ocr_line' id='line_1_6' title="bbox 273 987 1277 1086; baseline -0.002 -24"><span class='ocrx_word' id='word_1_37' title='bbox 273 995 325 1078; x_wconf 89' lang='lat' dir='ltr'><strong>ri,</strong></span> <span class='ocrx_word' id='word_1_38' title='bbox 348 1004 384 1062; x_wconf 87' lang='lat' dir='ltr'><strong>et</strong></span> <span class='ocrx_word' id='word_1_39' title='bbox 402 1014 488 1062; x_wconf 89' lang='lat' dir='ltr'><strong>cum</strong></span> <span class='ocrx_word' id='word_1_40' title='bbox 505 989 553 1060; x_wconf 90' lang='lat' dir='ltr'><strong>de</strong></span> <span class='ocrx_word' id='word_1_41' title='bbox 572 989 743 1062; x_wconf 89' lang='lat' dir='ltr'><strong>acusticis</strong></span> <span class='ocrx_word' id='word_1_42' title='bbox 757 987 829 1085; x_wconf 79' lang='lat' dir='ltr'><strong>(a),</strong></span> <span class='ocrx_word' id='word_1_43' title='bbox 848 987 1049 1086; x_wconf 87' lang='lat' dir='ltr'><strong>dequibus</strong></span> <span class='ocrx_word' id='word_1_44' title='bbox 1067 988 1277 1086; x_wconf 88' lang='lat' dir='ltr'><strong>loquimur,</strong></span> 
     </span>
     <span class='ocr_line' id='line_1_7' title="bbox 275 1105 1278 1204; baseline 0 -26"><span class='ocrx_word' id='word_1_45' title='bbox 275 1113 371 1179; x_wconf 88' lang='lat' dir='ltr'><strong>oriri</strong></span> <span class='ocrx_word' id='word_1_46' title='bbox 386 1133 412 1178; x_wconf 83' lang='lat' dir='ltr'><strong>a</strong></span> <span class='ocrx_word' id='word_1_47' title='bbox 429 1107 636 1181; x_wconf 81' lang='lat' dir='ltr'><strong>ventriculo</strong></span> <span class='ocrx_word' id='word_1_48' title='bbox 655 1111 845 1178; x_wconf 81' lang='lat' dir='ltr'><strong>anteriori.</strong></span> <span class='ocrx_word' id='word_1_49' title='bbox 867 1105 979 1196; x_wconf 90' lang='lat' dir='ltr'><strong>Quod</strong></span> <span class='ocrx_word' id='word_1_50' title='bbox 1003 1107 1034 1180; x_wconf 91' lang='lat' dir='ltr'><strong>si</strong></span> <span class='ocrx_word' id='word_1_51' title='bbox 1052 1131 1123 1204; x_wconf 81' lang='lat' dir='ltr'><strong>egp</strong></span> <span class='ocrx_word' id='word_1_52' title='bbox 1140 1132 1185 1178; x_wconf 91' lang='lat' dir='ltr'><strong>ea</strong></span> <span class='ocrx_word' id='word_1_53' title='bbox 1200 1108 1278 1178; x_wconf 87' lang='lat' dir='ltr'><strong>Pic-</strong></span> 
     </span>
     <span class='ocr_line' id='line_1_8' title="bbox 277 1222 1278 1322; baseline -0.002 -26"><span class='ocrx_word' id='word_1_54' title='bbox 277 1224 486 1296; x_wconf 89' lang='lat' dir='ltr'><strong>eolhomini</strong></span> <span class='ocrx_word' id='word_1_55' title='bbox 502 1223 634 1313; x_wconf 87' lang='lat' dir='ltr'><strong>verba,</strong></span> <span class='ocrx_word' id='word_1_56' title='bbox 654 1225 694 1294; x_wconf 93' lang='lat' dir='ltr'><strong>in</strong></span> <span class='ocrx_word' id='word_1_57' title='bbox 713 1222 852 1322; x_wconf 88' lang='lat' dir='ltr'><strong>quibus</strong></span> <span class='ocrx_word' id='word_1_58' title='bbox 866 1222 990 1296; x_wconf 81' lang='lat' dir='ltr'><strong>videri</strong></span> <span class='ocrx_word' id='word_1_59' title='bbox 1006 1224 1130 1321; x_wconf 90' lang='lat' dir='ltr'><strong>ipsum</strong></span> <span class='ocrx_word' id='word_1_60' title='bbox 1148 1223 1278 1294; x_wconf 70' lang='lat' dir='ltr'><strong>adum</strong></span> 
     </span>
     <span class='ocr_line' id='line_1_9' title="bbox 276 1337 1279 1444; baseline -0.002 -30"><span class='ocrx_word' id='word_1_61' title='bbox 276 1343 404 1444; x_wconf 73' lang='lat' dir='ltr'><strong>brasse</strong></span> <span class='ocrx_word' id='word_1_62' title='bbox 417 1339 516 1430; x_wconf 84' lang='lat' dir='ltr'><strong>dixi,</strong></span> <span class='ocrx_word' id='word_1_63' title='bbox 531 1339 636 1438; x_wconf 91' lang='lat' dir='ltr'><strong>quod</strong></span> <span class='ocrx_word' id='word_1_64' title='bbox 647 1354 777 1439; x_wconf 87' lang='lat' dir='ltr'><strong>postea</strong></span> <span class='ocrx_word' id='word_1_65' title='bbox 791 1337 1174 1442; x_wconf 87' lang='lat' dir='ltr'><strong>indicavitWillisius,</strong></span> <span class='ocrx_word' id='word_1_66' title='bbox 1195 1364 1279 1412; x_wconf 89' lang='lat' dir='ltr'><strong>cum</strong></span> 
     </span>
     <span class='ocr_line' id='line_1_10' title="bbox 273 1456 1279 1556; baseline -0.002 -26"><span class='ocrx_word' id='word_1_67' title='bbox 273 1459 321 1530; x_wconf 87' lang='lat' dir='ltr'><strong>iis</strong></span> <span class='ocrx_word' id='word_1_68' title='bbox 340 1481 612 1556; x_wconf 86' lang='lat' dir='ltr'><strong>comparassem</strong></span> <span class='ocrx_word' id='word_1_69' title='bbox 630 1483 713 1555; x_wconf 89' lang='lat' dir='ltr'><strong>quae</strong></span> <span class='ocrx_word' id='word_1_70' title='bbox 730 1456 777 1529; x_wconf 90' lang='lat' dir='ltr'><strong>de</strong></span> <span class='ocrx_word' id='word_1_71' title='bbox 794 1456 955 1530; x_wconf 88' lang='lat' dir='ltr'><strong>aliorum</strong></span> <span class='ocrx_word' id='word_1_72' title='bbox 976 1481 1127 1556; x_wconf 90' lang='lat' dir='ltr'><strong>quoque</strong></span> <span class='ocrx_word' id='word_1_73' title='bbox 1145 1481 1279 1530; x_wconf 81' lang='lat' dir='ltr'><strong>nervo-</strong></span> 
     </span>
     <span class='ocr_line' id='line_1_11' title="bbox 275 1572 1280 1676; baseline -0.003 -28"><span class='ocrx_word' id='word_1_74' title='bbox 275 1601 362 1648; x_wconf 89' lang='lat' dir='ltr'><strong>rum</strong></span> <span class='ocrx_word' id='word_1_75' title='bbox 381 1575 526 1676; x_wconf 83' lang='lat' dir='ltr'><strong>origine</strong></span> <span class='ocrx_word' id='word_1_76' title='bbox 537 1576 736 1673; x_wconf 86' lang='lat' dir='ltr'><strong>scripserat</strong></span> <span class='ocrx_word' id='word_1_77' title='bbox 747 1573 815 1671; x_wconf 81' lang='lat'><strong>(3),</strong></span> <span class='ocrx_word' id='word_1_78' title='bbox 825 1572 1023 1674; x_wconf 82' lang='lat' dir='ltr'><strong>figuraque</strong></span> <span class='ocrx_word' id='word_1_79' title='bbox 1035 1574 1183 1670; x_wconf 85' lang='lat' dir='ltr'><strong>adjecta</strong></span> <span class='ocrx_word' id='word_1_80' title='bbox 1190 1573 1280 1646; x_wconf 86' lang='lat' dir='ltr'><strong>deli·</strong></span> 
     </span>
     <span class='ocr_line' id='line_1_12' title="bbox 277 1691 1279 1792; baseline -0.002 -26"><span class='ocrx_word' id='word_1_81' title='bbox 277 1708 474 1782; x_wconf 83' lang='lat' dir='ltr'><strong>neaverat3</strong></span> <span class='ocrx_word' id='word_1_82' title='bbox 492 1691 622 1766; x_wconf 86' lang='lat' dir='ltr'><strong>fecisse</strong></span> <span class='ocrx_word' id='word_1_83' title='bbox 646 1692 740 1764; x_wconf 91' lang='lat' dir='ltr'><strong>illud</strong></span> <span class='ocrx_word' id='word_1_84' title='bbox 767 1692 921 1792; x_wconf 90' lang='lat' dir='ltr'><strong>quidem</strong></span> <span class='ocrx_word' id='word_1_85' title='bbox 939 1691 1061 1764; x_wconf 85' lang='lat' dir='ltr'><strong>videri</strong></span> <span class='ocrx_word' id='word_1_86' title='bbox 1085 1691 1279 1780; x_wconf 82' lang='lat' dir='ltr'><strong>dixissem3</strong></span> 
     </span>
     <span class='ocr_line' id='line_1_13' title="bbox 275 1799 1371 1907; baseline -0.004 -24"><span class='ocrx_word' id='word_1_87' title='bbox 275 1836 318 1884; x_wconf 87' lang='lat' dir='ltr'><strong>re</strong></span> <span class='ocrx_word' id='word_1_88' title='bbox 338 1826 463 1884; x_wconf 86' lang='lat' dir='ltr'><strong>autem</strong></span> <span class='ocrx_word' id='word_1_89' title='bbox 479 1835 567 1883; x_wconf 86' lang='lat' dir='ltr'><strong>vera</strong></span> <span class='ocrx_word' id='word_1_90' title='bbox 586 1835 666 1882; x_wconf 91' lang='lat' dir='ltr'><strong>non</strong></span> <span class='ocrx_word' id='word_1_91' title='bbox 683 1807 821 1884; x_wconf 85' lang='lat' dir='ltr'><strong>fecisse.</strong></span> <span class='ocrx_word' id='word_1_92' title='bbox 840 1809 1006 1882; x_wconf 87' lang='lat' dir='ltr'><strong>Tandem</strong></span> <span class='ocrx_word' id='word_1_93' title='bbox 1029 1807 1134 1907; x_wconf 90' lang='lat' dir='ltr'><strong>quod</strong></span> <span class='ocrx_word' id='word_1_94' title='bbox 1150 1810 1191 1880; x_wconf 93' lang='lat' dir='ltr'><strong>in</strong></span> <span class='ocrx_word' id='word_1_95' title='bbox 1210 1813 1279 1883; x_wconf 83' lang='lat' dir='ltr'><strong>Vll</strong></span> <span class='ocrx_word' id='word_1_96' title='bbox 1370 1799 1371 1806; x_wconf 7' lang='grc' dir='ltr'>ἵ</span> 
     </span>
     <span class='ocr_line' id='line_1_14' title="bbox 276 1925 1280 2028; baseline -0.002 -26"><span class='ocrx_word' id='word_1_97' title='bbox 276 1927 539 2002; x_wconf 86' lang='lat' dir='ltr'><strong>observatione</strong></span> <span class='ocrx_word' id='word_1_98' title='bbox 556 1929 693 2028; x_wconf 84' lang='lat' dir='ltr'><strong>legitur</strong></span> <span class='ocrx_word' id='word_1_99' title='bbox 706 1928 753 2000; x_wconf 90' lang='lat' dir='ltr'><strong>de</strong></span> <span class='ocrx_word' id='word_1_100' title='bbox 770 1927 919 2001; x_wconf 88' lang='lat' dir='ltr'><strong>auditus</strong></span> <span class='ocrx_word' id='word_1_101' title='bbox 935 1928 1057 2000; x_wconf 89' lang='lat' dir='ltr'><strong>acutie</strong></span> <span class='ocrx_word' id='word_1_102' title='bbox 1073 1925 1244 2024; x_wconf 84' lang='lat' dir='ltr'><strong>prolecta</strong></span> <span class='ocrx_word' id='word_1_103' title='bbox 1261 1952 1280 2000; x_wconf 88' lang='lat' dir='ltr'><strong>a</strong></span> 
     </span>
     <span class='ocr_line' id='line_1_15' title="bbox 274 2042 1375 2148; baseline -0.001 -28"><span class='ocrx_word' id='word_1_104' title='bbox 274 2049 484 2148; x_wconf 85' lang='lat' dir='ltr'><strong>tergemino</strong></span> <span class='ocrx_word' id='word_1_105' title='bbox 498 2048 678 2145; x_wconf 86' lang='lat' dir='ltr'><strong>utrinque</strong></span> <span class='ocrx_word' id='word_1_106' title='bbox 688 2071 805 2118; x_wconf 88' lang='lat' dir='ltr'><strong>nervo</strong></span> <span class='ocrx_word' id='word_1_107' title='bbox 823 2046 1030 2133; x_wconf 87' lang='lat' dir='ltr'><strong>auditorio,</strong></span> <span class='ocrx_word' id='word_1_108' title='bbox 1046 2042 1192 2120; x_wconf 83' lang='lat' dir='ltr'><strong>facilius</strong></span> <span class='ocrx_word' id='word_1_109' title='bbox 1202 2071 1280 2119; x_wconf 88' lang='lat' dir='ltr'><strong>cre·</strong></span> <span class='ocrx_word' id='word_1_110' title='bbox 1374 2063 1375 2080; x_wconf 65' lang='lat'>¹</span> 
     </span>
     <span class='ocr_line' id='line_1_16' title="bbox 276 2163 1280 2264; baseline 0.001 -28"><span class='ocrx_word' id='word_1_111' title='bbox 276 2164 428 2254; x_wconf 80' lang='lat' dir='ltr'><strong>dorem,</strong></span> <span class='ocrx_word' id='word_1_112' title='bbox 457 2165 487 2238; x_wconf 92' lang='lat' dir='ltr'><strong>si</strong></span> <span class='ocrx_word' id='word_1_113' title='bbox 517 2180 581 2236; x_wconf 92' lang='lat' dir='ltr'><strong>aut</strong></span> <span class='ocrx_word' id='word_1_114' title='bbox 607 2166 852 2264; x_wconf 89' lang='lat' dir='ltr'><strong>peritissimus</strong></span> <span class='ocrx_word' id='word_1_115' title='bbox 877 2163 1014 2261; x_wconf 87' lang='lat' dir='ltr'><strong>aliquis</strong></span> <span class='ocrx_word' id='word_1_116' title='bbox 1046 2163 1280 2238; x_wconf 85' lang='lat' dir='ltr'><strong>anatomicus</strong></span> 
     </span>
     <span class='ocr_line' id='line_1_17' title="bbox 276 2278 1281 2379; baseline 0 -27"><span class='ocrx_word' id='word_1_117' title='bbox 276 2283 559 2371; x_wconf 86' lang='lat' dir='ltr'><strong>nominaretur,</strong></span> <span class='ocrx_word' id='word_1_118' title='bbox 577 2278 698 2379; x_wconf 91' lang='lat' dir='ltr'><strong>quiid</strong></span> <span class='ocrx_word' id='word_1_119' title='bbox 718 2280 990 2379; x_wconf 86' lang='lat' dir='ltr'><strong>conspexisset,</strong></span> <span class='ocrx_word' id='word_1_120' title='bbox 1003 2293 1066 2352; x_wconf 89' lang='lat' dir='ltr'><strong>aut</strong></span> <span class='ocrx_word' id='word_1_121' title='bbox 1080 2280 1109 2351; x_wconf 90' lang='lat' dir='ltr'><strong>si</strong></span> <span class='ocrx_word' id='word_1_122' title='bbox 1128 2279 1207 2378; x_wconf 88' lang='lat' dir='ltr'><strong>ipse</strong></span> <span class='ocrx_word' id='word_1_123' title='bbox 1225 2279 1281 2378; x_wconf 79' lang='grc'><strong>(4)</strong></span> 
     </span>
    </p>
   </div>
   <div class='ocr_carea' id='block_1_3' title="bbox 275 2377 1379 2962">
    <p class='ocr_par' dir='ltr' id='par_1_3' title="bbox 275 2377 1379 2962">
     <span class='ocr_line' id='line_1_18' title="bbox 275 2377 1379 2496; baseline 0.002 -28"><span class='ocrx_word' id='word_1_124' title='bbox 275 2389 1162 2496; x_wconf 79' lang='lat' dir='ltr'><strong>minimeanimadvertissem,singulasejusdem</strong></span> <span class='ocrx_word' id='word_1_125' title='bbox 1173 2401 1280 2470; x_wconf 87' lang='lat' dir='ltr'><strong>nervi</strong></span> <span class='ocrx_word' id='word_1_126' title='bbox 1378 2377 1379 2448; x_wconf 67' lang='lat' dir='ltr'><strong>i</strong></span> 
     </span>
     <span class='ocr_line' id='line_1_19' title="bbox 275 2513 1279 2615; baseline 0.004 -31"><span class='ocrx_word' id='word_1_127' title='bbox 275 2513 472 2612; x_wconf 91' lang='lat' dir='ltr'><strong>portiones</strong></span> <span class='ocrx_word' id='word_1_128' title='bbox 492 2539 586 2612; x_wconf 87' lang='lat' dir='ltr'><strong>saepe</strong></span> <span class='ocrx_word' id='word_1_129' title='bbox 601 2515 640 2585; x_wconf 92' lang='lat' dir='ltr'><strong>in</strong></span> <span class='ocrx_word' id='word_1_130' title='bbox 653 2513 766 2600; x_wconf 82' lang='lat' dir='ltr'><strong>fibras</strong></span> <span class='ocrx_word' id='word_1_131' title='bbox 779 2530 917 2588; x_wconf 90' lang='lat' dir='ltr'><strong>attactu</strong></span> <span class='ocrx_word' id='word_1_132' title='bbox 936 2516 1018 2615; x_wconf 87' lang='lat' dir='ltr'><strong>ipso</strong></span> <span class='ocrx_word' id='word_1_133' title='bbox 1036 2529 1188 2586; x_wconf 86' lang='lat' dir='ltr'><strong>motuve</strong></span> <span class='ocrx_word' id='word_1_134' title='bbox 1204 2515 1279 2588; x_wconf 91' lang='lat' dir='ltr'><strong>dis-</strong></span> 
     </span>
     <span class='ocr_line' id='line_1_20' title="bbox 276 2629 1295 2726; baseline -0.003 -23"><span class='ocrx_word' id='word_1_135' title='bbox 276 2629 388 2718; x_wconf 85' lang='lat' dir='ltr'><strong>solvi,</strong></span> <span class='ocrx_word' id='word_1_136' title='bbox 404 2631 558 2704; x_wconf 89' lang='lat' dir='ltr'><strong>mollem</strong></span> <span class='ocrx_word' id='word_1_137' title='bbox 575 2646 698 2705; x_wconf 89' lang='lat' dir='ltr'><strong>autem</strong></span> <span class='ocrx_word' id='word_1_138' title='bbox 703 2633 890 2726; x_wconf 86' lang='lat' dir='ltr'><strong>facillime</strong></span> <span class='ocrx_word' id='word_1_139' title='bbox 915 2633 1105 2706; x_wconf 87' lang='lat' dir='ltr'><strong>interdum</strong></span> <span class='ocrx_word' id='word_1_140' title='bbox 1125 2639 1164 2703; x_wconf 84' lang='lat' dir='ltr'><strong>in</strong></span> <span class='ocrx_word' id='word_1_141' title='bbox 1184 2631 1295 2704; x_wconf 28' lang='lat' dir='ltr'><strong>duas,</strong></span> 
     </span>
     <span class='ocr_line' id='line_1_21' title="bbox 277 2750 1277 2849; baseline 0.006 -31"><span class='ocrx_word' id='word_1_142' title='bbox 277 2760 394 2821; x_wconf 81' lang='lat' dir='ltr'><strong>tresve</strong></span> <span class='ocrx_word' id='word_1_143' title='bbox 404 2754 599 2820; x_wconf 78' lang='lat' dir='ltr'><strong>crassiores</strong></span> <span class='ocrx_word' id='word_1_144' title='bbox 609 2805 619 2839; x_wconf 94' lang='lat'><strong>,</strong></span> <span class='ocrx_word' id='word_1_145' title='bbox 629 2750 720 2822; x_wconf 90' lang='lat' dir='ltr'><strong>dum</strong></span> <span class='ocrx_word' id='word_1_146' title='bbox 732 2750 930 2824; x_wconf 85' lang='lat' dir='ltr'><strong>cerebrum</strong></span> <span class='ocrx_word' id='word_1_147' title='bbox 939 2751 1139 2840; x_wconf 85' lang='lat' dir='ltr'><strong>attollitur,</strong></span> <span class='ocrx_word' id='word_1_148' title='bbox 1152 2775 1277 2849; x_wconf 80' lang='lat' dir='ltr'><strong>eaeque</strong></span> 
     </span>
     <span class='ocr_line' id='line_1_22' title="bbox 275 2880 668 2962; baseline 0.013 -29"><span class='ocrx_word' id='word_1_149' title='bbox 275 2880 473 2962; x_wconf 84' lang='lat' dir='ltr'><strong>portiones</strong></span> <span class='ocrx_word' id='word_1_150' title='bbox 483 2882 668 2941; x_wconf 89' lang='lat' dir='ltr'><strong>secantur.</strong></span> 
     </span>
    </p>
   </div>
   <div class='ocr_carea' id='block_1_4' title="bbox 326 2995 1276 3098">
    <p class='ocr_par' dir='ltr' id='par_1_4' title="bbox 326 2995 1276 3098">
     <span class='ocr_line' id='line_1_23' title="bbox 326 2995 1276 3098; baseline 0.005 -31"><span class='ocrx_word' id='word_1_151' title='bbox 326 2995 380 3070; x_wconf 87' lang='lat'><strong>15.</strong></span> <span class='ocrx_word' id='word_1_152' title='bbox 407 2999 483 3070; x_wconf 88' lang='lat' dir='ltr'><strong>Etsi</strong></span> <span class='ocrx_word' id='word_1_153' title='bbox 499 3000 625 3098; x_wconf 90' lang='lat' dir='ltr'><strong>plures</strong></span> <span class='ocrx_word' id='word_1_154' title='bbox 639 3003 833 3076; x_wconf 84' lang='lat' dir='ltr'><strong>laesionum</strong></span> <span class='ocrx_word' id='word_1_155' title='bbox 849 3001 999 3076; x_wconf 86' lang='lat' dir='ltr'><strong>auditus</strong></span> <span class='ocrx_word' id='word_1_156' title='bbox 1012 3025 1140 3074; x_wconf 87' lang='lat' dir='ltr'><strong>causas</strong></span> <span class='ocrx_word' id='word_1_157' title='bbox 1149 2999 1276 3072; x_wconf 88' lang='lat' dir='ltr'><strong>hacte-</strong></span> 
     </span>
    </p>
   </div>
   <div class='ocr_carea' id='block_1_5' title="bbox 164 3119 1276 3220">
    <p class='ocr_par' dir='ltr' id='par_1_5' title="bbox 164 3119 1276 3220">
     <span class='ocr_line' id='line_1_24' title="bbox 164 3119 1276 3220; baseline 0.006 -37"><span class='ocrx_word' id='word_1_158' title='bbox 164 3173 167 3176; x_wconf 96' lang='lat'>.</span> <span class='ocrx_word' id='word_1_159' title='bbox 274 3138 348 3188; x_wconf 87' lang='lat' dir='ltr'><strong>nus</strong></span> <span class='ocrx_word' id='word_1_160' title='bbox 357 3120 669 3218; x_wconf 76' lang='lat' dir='ltr'><strong>memoravimus,</strong></span> <span class='ocrx_word' id='word_1_161' title='bbox 680 3145 768 3194; x_wconf 87' lang='lat' dir='ltr'><strong>cave</strong></span> <span class='ocrx_word' id='word_1_162' title='bbox 781 3119 910 3220; x_wconf 77' lang='lat' dir='ltr'><strong>predas</strong></span> <span class='ocrx_word' id='word_1_163' title='bbox 923 3121 1104 3216; x_wconf 84' lang='lat' dir='ltr'><strong>majorem</strong></span> <span class='ocrx_word' id='word_1_164' title='bbox 1114 3121 1276 3218; x_wconf 86' lang='lat' dir='ltr'><strong>attigisse</strong></span> 
     </span>
    </p>
   </div>
   <div class='ocr_carea' id='block_1_6' title="bbox 276 3236 1276 3334">
    <p class='ocr_par' dir='ltr' id='par_1_6' title="bbox 276 3236 1276 3334">
     <span class='ocr_line' id='line_1_25' title="bbox 276 3236 1276 3334; baseline 0.009 -34"><span class='ocrx_word' id='word_1_165' title='bbox 276 3253 471 3306; x_wconf 87' lang='lat' dir='ltr'><strong>causarum</strong></span> <span class='ocrx_word' id='word_1_166' title='bbox 499 3251 654 3333; x_wconf 90' lang='lat' dir='ltr'><strong>partem.</strong></span> <span class='ocrx_word' id='word_1_167' title='bbox 692 3243 756 3310; x_wconf 89' lang='lat' dir='ltr'><strong>Est</strong></span> <span class='ocrx_word' id='word_1_168' title='bbox 778 3238 879 3308; x_wconf 89' lang='lat' dir='ltr'><strong>enim</strong></span> <span class='ocrx_word' id='word_1_169' title='bbox 900 3261 1084 3334; x_wconf 78' lang='lat' dir='ltr'><strong>organum</strong></span> <span class='ocrx_word' id='word_1_170' title='bbox 1105 3236 1276 3326; x_wconf 66' lang='lat' dir='ltr'><strong>auduus,</strong></span> 
     </span>
    </p>
   </div>
   <div class='ocr_carea' id='block_1_7' title="bbox 311 3818 827 4021">
    <p class='ocr_par' dir='ltr' id='par_1_7' title="bbox 311 3818 827 4021">
     <span class='ocr_line' id='line_1_26' title="bbox 313 3818 827 3900; baseline 0.014 -21"><span class='ocrx_word' id='word_1_171' title='bbox 313 3818 357 3900; x_wconf 79' lang='lat'><strong>(3)</strong></span> <span class='ocrx_word' id='word_1_172' title='bbox 377 3826 466 3881; x_wconf 75' lang='lat' dir='ltr'><strong>Anat.</strong></span> <span class='ocrx_word' id='word_1_173' title='bbox 483 3827 613 3883; x_wconf 84' lang='lat' dir='ltr'><strong>Praelect.</strong></span> <span class='ocrx_word' id='word_1_174' title='bbox 631 3829 650 3882; x_wconf 93' lang='lat' dir='ltr'><strong>l.</strong></span> <span class='ocrx_word' id='word_1_175' title='bbox 668 3823 782 3900; x_wconf 79' lang='lat' dir='ltr'><strong>5‚1ect.</strong></span> <span class='ocrx_word' id='word_1_176' title='bbox 801 3827 827 3888; x_wconf 82' lang='lat'><strong>5.</strong></span> 
     </span>
     <span class='ocr_line' id='line_1_27' title="bbox 311 3933 768 4021; baseline -0.004 -19"><span class='ocrx_word' id='word_1_177' title='bbox 311 3933 354 4016; x_wconf 73' lang='lat' dir='ltr'><strong>ll)</strong></span> <span class='ocrx_word' id='word_1_178' title='bbox 374 3937 467 4016; x_wconf 78' lang='lat' dir='ltr'><strong>Epist.</strong></span> <span class='ocrx_word' id='word_1_179' title='bbox 481 3942 570 3998; x_wconf 81' lang='lat' dir='ltr'><strong>Anat.</strong></span> <span class='ocrx_word' id='word_1_180' title='bbox 585 3959 635 4014; x_wconf 77' lang='lat'><strong>12,</strong></span> <span class='ocrx_word' id='word_1_181' title='bbox 648 3960 677 3999; x_wconf 82' lang='lat' dir='ltr'><strong>n</strong></span> <span class='ocrx_word' id='word_1_182' title='bbox 693 3941 741 4004; x_wconf 73' lang='lat' dir='ltr'><strong>aa.</strong></span> <span class='ocrx_word' id='word_1_183' title='bbox 763 4013 768 4021; x_wconf 20' lang='grc' dir='ltr'><strong>Α</strong></span> 
     </span>
    </p>
   </div>
   <div class='ocr_carea' id='block_1_8' title="bbox 0 0 1394 4670">
    <p class='ocr_par' dir='ltr' id='par_1_8' title="bbox 0 0 1394 4670">
     <span class='ocr_line' id='line_1_28' title="bbox 0 0 1394 4670; baseline 0 0"><span class='ocrx_word' id='word_1_184' title='bbox 0 0 1394 4670; x_wconf 95' lang='lat' dir='ltr'><strong> </strong></span> 
     </span>
    </p>
   </div>
  </div>
 </body>
</html>
