2766 4670
315 419 383 495 116
475 441 522 492 m
547 437 693 490 sanstus
718 437 762 489 rr
785 441 913 492 causis
936 441 1145 496 uoaaoauu

312 556 517 643 cideretur,
533 533 705 653 etportio
722 555 966 652 cartilaginea
980 559 1094 630 simul
1108 584 1191 632 cum
1203 559 1308 658 poly-

301 699 360 777 po
383 663 618 771 sequeretur,
648 697 727 743 non
753 673 875 743 visum
903 671 977 746 hoc
1002 676 1074 772 ipsi
1099 675 1326 765 laudabile,

308 791 374 866 sed
390 797 509 863 satius
529 813 606 861 esse
620 789 805 888 polypum
823 791 1022 862 extrahere
1035 815 1118 864 cum
1129 800 1308 892 portione

307 911 549 1006 integumenti
562 911 754 976 interioris.
775 909 949 978 Attamen
969 907 1061 1005 quid
1076 925 1209 981 contra
1225 911 1307 980 Val·

307 1025 415 1100 salvae
430 1038 466 1095 et
479 1025 600 1094 visum
611 1025 673 1110 sit,
683 1037 720 1094 et
730 1026 968 1113 successerit,
981 1049 1060 1096 non
1073 1025 1306 1099 reticendum

307 1142 524 1217 existimavi.
536 1140 608 1212 Sed
626 1139 836 1237 optandum
855 1156 910 1213 est
927 1141 1040 1214 licere
1057 1144 1306 1241 potiusratio-

305 1285 396 1362 nem
409 1246 1305 1358 sequiaceleberrimoviroHeisterol1)l⁴eliciter

305 1379 347 1453 in
356 1375 476 1448 nobili
484 1373 622 1446 femina
637 1389 1069 1472 praemonstmtam,aut,
1086 1403 1174 1452 cum
1181 1377 1223 1450 id
1230 1402 1304 1448 non

305 1495 411 1584 licet,
440 1518 569 1566 cavere
604 1493 732 1565 saltem
757 1489 904 1565 fiinesta
926 1494 1096 1593 exempla
1117 1494 1305 1568 dilacerati

304 1613 432 1686 trunci
455 1610 589 1684 nasalis
617 1611 776 1699 arteriae,
804 1609 911 1706 cujus
929 1611 1055 1682 sedem
1079 1612 1304 1710 praecipnam

304 1731 405 1802 idem
418 1729 472 1830 (a)
484 1741 684 1828 propterea
701 1726 879 1800 indicavit
900 1730 1224 1826 praestantissimus
1243 1755 1304 1802 au·

304 1862 381 1922 tem
397 1847 569 1920 Hallerus
581 1845 635 1944 (3)
657 1869 820 1929 summa,
841 1860 883 1917 ut
901 1847 1054 1919 arterias
1069 1862 1239 1937 caeteras,
1251 1848 1304 1920 di-

302 1965 456 2066 ligentia
470 1991 557 2039 eum
580 1987 735 2062 quoque
747 1977 931 2036 truncum
950 1966 1159 2063 proposuit.

355 2110 412 2158 ao.
440 2089 518 2184 Ego
539 2106 651 2172 vero,
674 2097 715 2154 ut
733 2081 788 2153 ad.
804 2083 1004 2181 promissas
1025 2082 1304 2156 observationes

305 2201 476 2289 redeam,
489 2200 604 2274 semel
616 2201 721 2272 initia
733 2199 962 2299 polyporum
976 2199 1235 2298 deprehendi:
1249 2227 1305 2276 ea·

306 2322 436 2418 quein
453 2317 607 2389 naribus
627 2319 774 2390 intimis,
786 2318 979 2414 cujusdam
995 2318 1114 2404 stulti,
1135 2317 1183 2390 de
1203 2320 1304 2414 citjns

305 2435 463 2511 cerebro
476 2434 523 2505 ad
535 2451 571 2506 te
585 2434 672 2506 alias
686 2435 740 2531 (l)
753 2427 895 2534 scripsi.
914 2441 994 2507 lam
1014 2437 1113 2508 nosti
1126 2435 1174 2506 ad
1191 2437 1303 2509 imam

302 2552 584 2628 turbinatorum
602 2553 743 2624 ossium
763 2577 887 2642 oram,
901 2554 1107 2651 peculiares
1125 2554 1304 2651 quasdam

301 2686 339 2744 et
347 2669 582 2752 rubicundas
591 2669 738 2742 narium
747 2669 1084 2744 membranaehaud
1093 2667 1305 2769 infrequen-

300 2804 360 2861 ter
383 2787 687 2860 crassitudinesa
707 2813 767 2860 me
788 2787 877 2860 alibi
896 2786 956 2886 (5)
971 2787 1165 2862 adnotatas
1182 2805 1220 2862 et
1237 2811 1303 2888 pro

303 2903 535 3005 glandulosis
554 2929 635 2978 csse
652 2904 807 2980 habitas.
829 2910 875 2978 In
890 2929 936 2978 eo
948 2921 1073 2978 autem
1094 2907 1210 2979 stulto
1230 2905 1304 2980 vidi

305 3046 366 3094 eas
391 3022 654 3095 crassitudines
672 3046 748 3120 qua
766 3023 813 3094 ad
827 3038 1060 3119 postremam
1083 3022 1303 3098 inferiorum

305 3164 437 3224 cortun
455 3141 595 3212 ossium
614 3154 757 3237 partem
775 3138 999 3227 attinebant,
1013 3141 1053 3212 in
1071 3141 1232 3216 laxiores
1246 3167 1303 3214 ex·

306 3258 465 3332 crevisse
487 3257 725 3356 carunculas,
750 3256 913 3355 singulas
938 3282 960 3328 a
982 3257 1137 3354 singulis
1154 3259 1200 3330 iis
1216 3259 1302 3332 ossi·

328 3591 330 3596 ¹
408 3595 1036 3682 Initiachir„p·2,s.2,c.71,n.7..¹
1129 3611 1133 3622 ·
1205 3567 1209 3574 v

342 3597 388 3675 (ι)

341 3696 385 3777 (a)
406 3698 531 3754 Dissert.
545 3697 582 3753 de
594 3699 682 3753 Anat.
696 3694 769 3768 Mai.
783 3697 816 3750 in
828 3694 910 3752 Chir.
923 3711 1048 3766 necess,
1067 3713 1094 3750 c.
1111 3715 1143 3767 1,
1158 3716 1192 3752 n,
1203 3714 1238 3752 a,

341 3797 387 3876 (3)
407 3797 455 3854 Ad
471 3798 601 3852 Praeleet.
612 3797 719 3854 Boerh.
731 3795 765 3852 in
776 3795 874 3852 Instit.
886 3798 902 3865 ς
915 3799 1065 3870 494,not.
1077 3813 1106 3850 e.

341 3897 386 3975 (t.)
406 3895 500 3970 Epist.
516 3895 551 3966 8,
570 3913 601 3951 n.
622 3915 668 3952 11.

343 3995 387 4076 (5)
408 3995 534 4054 Advers-
548 3998 635 4054 Anat.
650 3995 686 4067 6,
698 3994 797 4052 Anim.
810 3995 847 4052 88
860 3995 891 4050 in
903 3993 956 4050 fin.
