2832 4662
308 491 376 564 522
471 515 518 560 nr
543 511 689 560 sumnus
713 511 758 558 rr
783 508 907 558 ciuus
933 509 1145 558 moruorum

306 630 445 726 scripta
469 625 672 726 pervellem
693 625 814 694 multo
840 638 950 698 antea
978 638 1123 695 exstare
1151 625 1319 720 potuisse

306 771 420 844 quam
449 744 547 815 hanc
567 767 803 818 recenserem
821 742 1027 840 epistolam.
1054 740 1319 838 Experimenta

258 939 260 956 ,
305 865 406 935 enim
423 863 506 964 lego
529 887 571 933 ea
592 861 776 932 industria
803 875 839 931 et
857 859 1008 932 solertia
1027 875 1158 958 capta,
1179 875 1317 956 utper-

305 981 379 1080 cipi
398 982 544 1066 liceret,
561 1005 618 1070 an,
627 978 697 1050 sub
725 981 831 1075 aquis
848 980 1077 1076 inspirarent
1100 996 1139 1049 et
1158 979 1317 1076 degluti·

303 1114 390 1171 rent
406 1097 600 1182 animalia,
622 1121 692 1168 nec
706 1097 889 1185 dthitari,
903 1123 955 1168 en
971 1121 1032 1168 eas
1044 1122 1201 1185 revera,
1215 1099 1316 1194 quip-

248 1242 251 1256 ’
303 1241 352 1316 pe
372 1233 475 1287 certo
496 1216 621 1286 colore
635 1213 806 1302 infectas,
825 1218 864 1286 in
882 1215 1157 1301 ventriculum,
1175 1214 1316 1313 pulmo·

303 1360 446 1454 resque
470 1333 720 1406 demisissent.
740 1339 911 1432 Utroque
942 1349 1068 1404 autem
1086 1334 1316 1419 demississe,

304 1476 372 1549 per
381 1451 646 1524 (lissectionem
658 1469 896 1563 compertum
912 1469 976 1525 est.
987 1455 1087 1522 Num
1097 1453 1318 1522 omnialin-

303 1570 421 1667 quies.
440 1570 495 1642 Ad
515 1595 629 1642 unam
643 1573 780 1642 omnia.
803 1571 915 1661 Quod
931 1571 971 1640 in
985 1585 1091 1642 tanto
1110 1571 1317 1668 praesertim

304 1689 650 1786 experimentorum
673 1711 834 1760 numero
855 1691 1079 1760 miraturum
1099 1703 1137 1759 te
1151 1690 1253 1776 scio,
1269 1702 1318 1758 tot

303 1806 464 1876 aliorum
483 1822 564 1877 tum
583 1807 722 1893 varias,
752 1822 789 1878 et
808 1807 1064 1904 discrepantes
1088 1805 1316 1877 observatio·
1405 1863 1408 1894 ,

303 1949 371 1996 nes
385 1949 464 1994 non
482 1925 607 1995 minus
625 1949 739 2020 quam
757 1925 1032 1996 recentissimas
1049 1923 1155 2008 istas,
1171 1949 1245 2022 pro
1256 1947 1315 1994 ve·
1407 1905 1408 1926 ³

305 2042 356 2113 ris
371 2041 594 2128 habentem,
616 2066 686 2112 nec
703 2039 831 2129 facile,
861 2059 903 2113 ut
928 2043 1085 2141 opinor,
1103 2042 1315 2113 existiman·

303 2174 379 2230 tem
403 2185 512 2255 posse
540 2160 616 2232 rim
642 2159 1115 2256 discrepantiumillarum
1141 2161 1236 2230 satis
1254 2159 1315 2230 de·

284 2295 288 2306 ·
304 2276 436 2346 clinari
448 2275 651 2373 ponende,
667 2277 718 2348 sic
733 2267 956 2374 contigisse,
972 2278 1061 2373 quia
1076 2274 1313 2374 frigidissima

304 2408 394 2464 tunc
410 2419 507 2491 aqua
527 2394 831 2491 deglutitionem,
849 2395 1222 2492 inspirationemque
1234 2418 1312 2492 pro·

293 2501 495 2582 'hibuisset
507 2515 640 2608 Neque
651 2515 751 2583 enim
763 2509 1314 2610 ferebantexperimenta,quo

302 2651 388 2696 rum
404 2628 601 2700 occasione
616 2629 788 2700 Hallerus
807 2631 847 2700 iu
859 2629 1044 2701 demersis
1066 2629 1213 2701 catellis
1226 2627 1314 2698 nihil

305 2765 465 2840 usquam
486 2745 630 2816 invenit
647 2771 774 2844 aqnae,
788 2762 831 2818 ut
845 2747 924 2819 haec
944 2762 1041 2819 esset
1059 2745 1313 2844 frigidissima:

306 2885 377 2930 nec
395 2861 475 2959 ipse
501 2888 669 2961 unquam
696 2864 817 2953 adid,
846 2866 918 2938 nisi
939 2864 1083 2963 egelida
1102 2888 1195 2936 usus
1216 2888 1313 2936 sum:
1343 2901 1351 2916 =

306 3004 376 3052 nec
395 2981 563 3077 Leprotti
583 2967 912 3072 adolescentulus,
931 2997 974 3054 ut
987 2982 1080 3055 alios
1095 2977 1270 3054 omittam
1280 2982 1315 3050 in

214 3129 217 3135 ¹
306 3098 412 3167 Italia
440 3098 636 3196 Galliaque
660 3099 795 3171 eodem
823 3115 968 3199 genere
989 3103 1122 3172 mortis
1144 3116 1316 3200 ereptOS,

308 3241 353 3285 eo
374 3216 465 3285 anni
487 3230 662 3314 tempore
685 3217 907 3308 ,submersus
933 3233 988 3291 est
1007 3244 1085 3316 quo
1107 3217 1316 3316 perfrigida

309 3331 409 3428 apud
422 3357 493 3406 nos
510 3334 713 3432 sintaquae3
726 3336 765 3406 in
774 3336 987 3408 ventriculo
1002 3352 1127 3407 tamen
1138 3337 1202 3406 vix
1212 3334 1317 3434 quid·

310 3471 424 3544 quam
442 3450 615 3522 humoris
635 3451 785 3542 habuit,
805 3454 845 3523 in
864 3452 1114 3551 pulmonibus
1127 3468 1257 3526 autem
1276 3475 1319 3522 ne

306 3579 451 3661 guttam
470 3567 635 3662 quidem,
655 3571 696 3640 in
712 3595 809 3666 quos
827 3584 950 3660 certe,
969 3572 1095 3642 sinon
1116 3595 1188 3668 per
1203 3593 1270 3658 os,
1285 3582 1319 3637 at

307 3707 378 3778 per
396 3707 505 3754 nares
526 3686 709 3782 potuisset
727 3687 974 3760 descendere·
1407 3779 1408 3786 ἵ

358 3805 420 3893 44.Ι
433 3799 504 3872 Sed
524 3816 650 3876 tamen
667 3804 769 3877 unde
784 3805 863 3876 haec
879 3805 1097 3878 discrimina
1113 3803 1320 3904 repetenda
1407 3789 1408 3804 ¹

310 3932 397 3988 sunt
419 3942 502 4015 quae
521 3919 621 3991 inter
641 3921 730 3994 alias
752 3922 936 4012 aliorum,
952 3924 1031 3997 imo
1051 3925 1153 3994 inter
1174 3939 1320 3996 nostras

310 4033 408 4128 ipsas
435 4037 676 4110 intercedunt
711 4039 993 4116 observationes
1015 4041 1029 4112 Ρ
1051 4041 1154 4114 Num
1182 4039 1319 4138 quibus
