2832 4662
319 361 392 437 606
483 385 530 431 or
556 379 703 430 smirnos
726 381 772 428 rr
797 375 922 426 causis
948 377 1154 427 monronuu

322 502 430 574 lienis
448 495 649 570 infarctum
662 511 758 595 post
779 519 925 568 omnem
931 496 1082 588 febrem
1096 494 1291 583 chronicon,

317 622 513 718 praecipue
524 629 770 714 quartanam,
784 616 821 682 in
832 615 1034 709 Hungaria
1047 623 1240 684 constanter
1250 614 1293 689 od

319 739 461 808 servari
483 733 583 831 leges
599 729 700 830 apud
717 729 761 802 cl.
777 727 1089 827 Kramerum(1);
1108 753 1182 800 non
1203 729 1292 801 modo
1366 765 1367 836 3

320 855 360 924 in
371 849 617 926 cadaveribus
625 845 876 947 quorumdam
888 899 898 936 ,
898 849 1076 941 fioribus
1090 853 1292 920 intermitto·
1366 877 1367 896 ¹

320 973 417 1044 tibus
430 963 907 1062 defimotorumekirrhosos
921 964 1034 1036 lienes
1049 965 1292 1038 animadversos
1366 1003 1367 1046 i

318 1086 465 1160 ridebis
479 1109 499 1158 a
515 1084 560 1156 cl.
572 1089 722 1180 Hoyero
732 1081 797 1180 (a).
813 1085 931 1154 Porro
943 1082 1011 1180 qui
1021 1081 1202 1179 ejusmodi
1212 1085 1293 1156 lienis
1366 1057 1367 1076 ἵ

319 1201 464 1276 morbis
477 1215 676 1288 tenentur,
694 1213 839 1310 quanto
851 1196 996 1272 facilius
1009 1200 1048 1269 in
1060 1200 1293 1300 peripneumo·
1366 1181 1367 1184 ¹

319 1321 420 1392 niam
432 1319 619 1406 incidant,
635 1316 682 1388 ab
699 1317 921 1390 doctissimo
934 1318 1168 1415 Fant0n0(3)
1182 1317 1294 1389 iudica-

317 1452 401 1509 tum
419 1451 484 1510 est.
500 1435 612 1528 Quod
630 1451 674 1507 ut
689 1435 866 1506 rhedario
884 1435 939 1506 illi
954 1433 1028 1532 (4),
1045 1451 1083 1510 et
1097 1437 1224 1510 clerico
1239 1435 1292 1534 (5),

317 1558 370 1629 ita
389 1556 480 1627 huic
497 1556 609 1628 etiam
629 1552 765 1626 accidit
776 1554 916 1650 juveni.
939 1557 984 1624 ln
1004 1552 1081 1627 hoc
1097 1554 1236 1654 quiden
1251 1554 1294 1624 in·

317 1673 498 1746 flammati
514 1663 706 1772 'pulmonis
715 1672 990 1772 connexionem
1004 1695 1092 1744 cum
1104 1673 1223 1772 pleura
1231 1669 1294 1742 fiiis·

319 1815 359 1865 se
375 1791 499 1876 vides,
521 1805 558 1863 et
576 1805 755 1889 praeterea
771 1789 1031 1862 membranam
1049 1790 1166 1877 hanc,
1182 1789 1293 1861 inflan·

317 1913 483 1982 mationa
499 1908 602 1980 haud
620 1931 776 2007 prorsus
793 1922 1001 1998 carentem,
1013 1907 1183 1982 dolorem
1195 1925 1292 1980 tamen

318 2030 384 2127 qui
401 2041 608 2126 pungeret,
632 2041 884 2098 memoratum
915 2051 996 2098 non
1017 2027 1134 2101 rides.
1158 2023 1291 2118 Quodsi

316 2145 456 2246 pleurae
473 2143 827 2233 inflammationem,
847 2145 989 2243 quippe
1001 2143 1067 2217 hic
1085 2145 1290 2229 levissimam,

317 2261 413 2337 forte
431 2267 657 2354 contemnis;
677 2277 715 2335 at
739 2263 931 2362 pulmonis
951 2287 1104 2338 cumea
1126 2261 1292 2337 connexio·

316 2405 405 2454 nem
421 2382 533 2482 longe
547 2382 814 2481 amplissimam
828 2380 1010 2453 attendes.
1024 2383 1126 2472 Quid
1142 2403 1222 2480 ergo
1234 2375 1292 2450 esti

315 2505 433 2574 Tanta
458 2500 522 2572 illa
542 2498 710 2596 ejusdem
728 2499 921 2598 pulmonis
939 2501 1182 2598 magnitudo,
1206 2515 1291 2570 suum

317 2631 359 2690 nt
377 2641 510 2689 cavum
531 2639 686 2715 prorsus
700 2617 891 2716 oppleret,
912 2641 1000 2689 cum
1017 2617 1156 2692 duritie
1170 2622 1290 2714 quoque

317 2732 531 2834 superficiei
550 2735 621 2834 (6)
635 2736 857 2832 conjuncta,
884 2733 1041 2810 fortasse
1061 2732 1247 2820 efficiebat,
1260 2741 1291 2800 ut

316 2853 509 2952 pulmonis
521 2879 646 2952 neque
655 2853 977 2954 pondus,quippe
984 2851 1157 2954 undique
1166 2847 1288 2932 suffulti,

315 2989 441 3070 neque
461 2971 638 3045 distentio
665 2971 712 3046 ab
732 2972 916 3071 inspirato
941 2995 1047 3102 cepe,
1075 2974 1210 3072 quippe
1230 2987 1288 3038 non
