2766 4670
183 497 255 545 nm.
283 497 324 544 ιι.
352 498 398 546 nr
424 495 559 546 nonnis
584 497 781 564 rnonsoss,
805 501 916 551 nrrsr.
943 507 1001 554 xv.
1035 491 1101 586 195

89 627 192 686 sorte
210 611 362 700 docuit,
388 637 435 683 an
454 613 606 710 penitus
624 615 734 684 etiam
760 616 857 688 intre
881 620 1104 718 pulmones3

91 733 197 818 imo,
212 753 300 802 cum
320 729 481 800 annulos
505 727 655 818 dixere,
679 729 717 801 id
740 731 844 806 credi
860 755 1020 833 possunt
1036 767 1107 818 no-

93 849 222 924 luisse.
237 852 317 944 Ego
333 872 423 919 vero
439 847 478 918 id
496 846 594 936 vidi,
611 863 649 919 et
663 850 864 925 ostendere
881 854 1007 928 adhue
1020 883 1106 956 pos-

94 990 181 1042 sum
199 966 241 1041 in
256 966 497 1064 penitissimis
514 966 779 1064 pulmonibus,
799 970 864 1041 ubi
883 973 968 1045 loco
984 978 1107 1073 eujus„
1225 1061 1229 1068 v

95 1109 170 1183 que
187 1083 321 1156 annuli
344 1083 455 1183 plura
471 1085 570 1156 inter
584 1107 622 1157 se
638 1085 877 1184 cartilaginea
896 1094 1107 1166 secundum

96 1217 274 1276 naturam
283 1199 401 1274 frusta
413 1215 641 1274 nectuntur:
658 1204 726 1276 etsi
740 1207 919 1278 nonnulli
934 1233 978 1287 ex
988 1210 1111 1310 iis-qui

98 1319 246 1394 erudite
277 1319 512 1417 collegerunt
542 1321 713 1420 exempla
736 1325 907 1398 omnium
937 1330 1109 1426 eorporis
1141 1392 1144 1396 ,

97 1438 259 1530 humani
275 1437 545 1535 particularum
562 1463 644 1536 quae
658 1461 772 1523 ossen
786 1441 992 1540 aliquando
1006 1443 1109 1519 laetu

97 1567 376 1653 reportnsunt,
398 1579 478 1628 non
492 1555 572 1628 hac
589 1554 725 1645 modo,
738 1571 775 1628 et
792 1559 981 1655 plemam,
995 1576 1033 1633 et
1053 1564 1108 1633 in,

98 1687 254 1744 ternum
279 1673 432 1745 ooulum
454 1698 638 1771 quorum,
658 1689 803 1770 partem
822 1699 967 1749 osseam
995 1702 1108 1766 eons-

100 1791 188 1888 pexi
205 1789 282 1886 (1),
297 1790 361 1862 sed
381 1805 419 1862 et
434 1788 579 1862 facilius
596 1789 724 1862 obvius
747 1793 870 1862 trunci
893 1817 1031 1896 asperae
1046 1821 1105 1868 ar·
1136 1811 1137 1814 ’

99 1909 204 1980 teriae
230 1907 465 2006 cartilagines
498 1909 814 2006 pretermiserint.
851 1913 1036 1981 Caeterum
1062 1913 1111 1984 ad

101 2049 227 2098 meam
249 2024 550 2098 observationem
569 2026 729 2096 attinere
752 2049 834 2122 quas
853 2051 899 2096 ox
921 2027 1111 2101 Columbo

101 2157 236 2218 nostro
250 2142 314 2214 hie
326 2143 367 2213 in
382 2141 630 2240 Sepulchreto
648 2139 703 2239 (a)
716 2159 969 2234 memoratur,
988 2147 1113 2218 minus

102 2260 356 2349 crediderim,
380 2286 494 2358 quam
509 2260 557 2331 ad
571 2262 717 2332 tunicas
733 2285 909 2332 vasorum
925 2318 935 2352 ,
956 2277 1112 2361 propto-

102 2379 293 2478 mequod
310 2385 348 2450 in
361 2379 608 2477 pulmonibus
625 2403 712 2449 ossa
733 2403 952 2476 nonparra
976 2380 1111 2454 vidisse

103 2525 144 2574 se
169 2497 311 2572 scribit.

158 2643 214 2716 19'.
231 2615 288 2688 Ab
305 2612 587 2694 innascentihus
601 2627 726 2687 autem
736 2613 858 2688 causis
871 2615 983 2687 simul
998 2616 1114 2694 linon-

105 2737 192 2813 chia
211 2759 322 2834 posse
336 2750 373 2805 et
386 2731 562 2804 inlloxilia
576 2729 677 2820 fiori,
695 2745 733 2802 et
746 2729 931 2823 insertiri,
949 2757 1028 2806 non
1043 2735 1114 2806 dil

105 2853 206 2928 lioilo
225 2851 427 2950 intelliges,
452 2851 482 2928 si
503 2849 666 2922 calculos
682 2850 779 2926 intra
800 2849 881 2946 ipsa
905 2851 1008 2948 gigni
1035 2856 1114 2923 ani·
1136 2888 1138 2896 v

106 2970 365 3051 madverteris.
393 2967 578 3065 Equidem
601 2990 681 3038 non
700 2989 784 3037 sum
803 2966 973 3056 nescius,
998 2967 1116 3040 bron.

108 3089 251 3162 chiales
268 3085 482 3186 glandulas,
499 3099 542 3154 ut
562 3098 682 3170 extra,
706 3082 758 3154 sic
783 3083 893 3153 etiam
915 3084 1013 3154 intra
1031 3085 1117 3185 pul-

109 3230 245 3280 mones
266 3204 382 3276 calcis*
392 3205 510 3274 instar
526 3197 732 3298 aliquando
742 3196 993 3269 indurescere.
1011 3201 1118 3272 Idem

109 3343 238 3398 tamen
257 3321 426 3392 accidere
441 3319 563 3389 multo
583 3317 715 3414 saepius
730 3311 846 3389 oredo
865 3314 968 3394 lento
979 3314 1118 3416 humo-

111 3443 165 3531 ri,
181 3454 246 3512 aut
258 3439 346 3536 puri
357 3435 565 3513 iri-illorum
581 3433 726 3505 cellulis
741 3431 882 3503 diutius
894 3447 1063 3524 retent03
1078 3436 1119 3506 in

111 3554 393 3632 bronchiorum
411 3553 538 3624 autem
559 3553 691 3638 ramis,
711 3564 811 3620 certe
835 3552 922 3622 scio.
946 3554 1000 3622 Tu
1026 3577 1121 3653 quo·
1142 3589 1146 3598 ·

155 3857 202 3934 (1)
222 3856 293 3912 vid.
305 3853 400 3930 Epist.
417 3869 468 3926 ιι,
482 3873 512 3912 n.
531 3871 566 3930 ¹9
578 3864 671 3925 etna,
690 3862 718 3910 et
732 3852 826 3928 Epist.
845 3851 895 3922 ιδ,
917 3869 949 3908 n.
965 3869 1002 3927 9,
1023 3870 1075 3926 ιο,
1093 3863 1122 3909 et

116 3958 212 4034 Epist.
225 3953 280 4026 52,
294 3973 326 4010 n.
340 3954 394 4025 30,
409 3953 456 4009 31.

160 4056 206 4135 (s)
227 4055 302 4116 obs.
317 4053 370 4126 46,
380 4051 483 4129 prime
495 4056 511 4123 5
523 4051 553 4108 6.
942 4143 982 4219 3*

921 4169 935 4214 1
