2820 4662
274 407 349 502 ’ἀπο
446 431 493 480 nr
518 427 664 480 snnrans
687 429 733 477 nr
757 427 882 478 cursu
907 429 1118 482 uonnomnr

275 546 425 634 addito,
442 543 483 616 in
505 553 599 642 qua,
618 557 661 615 ut
680 542 861 632 diximus,
880 567 919 616 se
944 544 1142 618 exercebat
1159 547 1175 618 ?
1190 549 1277 638 Quae

272 667 373 740 euim
395 664 667 762 praecessissent
685 658 948 750 incommoda,
965 661 1030 735 aut
1043 689 1128 762 quae
1148 680 1278 764 postea

275 781 557 868 successissent,
576 781 671 851 scire
691 803 771 850 non
789 779 913 869 licuit,
932 781 1004 853 nisi
1025 781 1129 879 quod
1147 783 1278 854 saltem

270 895 582 998 exqroenetia's
590 895 751 968 redierat
764 897 863 969 circa
873 895 1041 970 octobris
1054 899 1208 976 initium
1219 925 1279 970 an·

268 1019 310 1090 ni
324 1033 428 1115 17'07,
441 1015 516 1088 sive
528 1010 841 1102 ambularet,sive
853 1015 1092 1113 loqueretur,
1108 1017 1277 1114 spirandi

267 1135 486 1210 difficultate
501 1132 728 1206 vexabatur:
747 1159 831 1233 quae
846 1148 973 1207 tamen
988 1161 1114 1233 neque
1128 1163 1199 1236 per
1212 1163 1276 1237 pa-

265 1275 461 1351 roxysmos
477 1248 693 1350 ingruebat,
711 1274 837 1350 neque
854 1249 1140 1326 suffocationem
1151 1255 1275 1326 inten-

265 1368 388 1458 tabat,
403 1391 530 1467 neque
543 1391 720 1440 somnum
737 1368 1012 1467 abrumpebat:
1035 1385 1071 1442 et
1088 1370 1136 1442 ad
1156 1385 1275 1443 artem

265 1487 431 1560 bominis
445 1489 525 1584 ipsa
541 1509 696 1586 quoque
710 1482 817 1558 facile
829 1487 945 1559 relata
957 1485 1110 1561 essetab
1126 1489 1173 1560 iis
1183 1514 1273 1586 prae·

265 1605 393 1680 sertim
424 1601 563 1702 quibus
595 1616 729 1675 notum
761 1603 1041 1704 probatumque
1070 1602 1202 1678 fuisset
1221 1599 1272 1678 ¹in

265 1723 450 1820 ejusmodi
465 1720 652 1796 artificum
669 1719 821 1794 officina
837 1747 858 1795 a
873 1709 1192 1821 Kerckringio(1)
1208 1723 1271 1796 ha·

262 1842 386 1915 bitum
413 1841 725 1941 experimentum.
751 1838 825 1913 Sed
849 1855 1026 1941 praeterea
1043 1840 1157 1914 edere
1175 1842 1270 1939 jam,

238 1975 329 2033 aut
344 1957 476 2032 bibere
499 1959 760 2031 multumnon
782 1959 1090 2057 poterat-Facies
1114 1975 1197 2031 erat
1212 1976 1270 2032 tu-

261 2078 380 2166 mida,
399 2092 437 2150 et
454 2101 499 2150 ex
519 2074 639 2148 rubro
655 2073 777 2149 fusca:
797 2101 872 2148 vox
886 2075 1068 2166 obscura,
1086 2091 1123 2148 et
1138 2100 1268 2150 rauca:

262 2193 369 2296 spu'ta
379 2212 505 2268 ¹crassa
516 2221 524 2266 ε
537 2194 699 2267 tumoris
711 2193 873 2293 pulsatio
888 2193 1111 2293 aliquando,
1121 2207 1160 2268 et
1171 2211 1269 2269 certe

262 2329 348 2389 ante
367 2314 498 2412 viginti
519 2313 674 2386 ultimos
698 2310 796 2401 dies,
819 2311 879 2385 vel
903 2313 1050 2384 eminus
1066 2327 1270 2412 conspecta

138 2478 144 2491 ,
261 2431 391 2505 fuerat.
410 2433 478 2502 Hic
501 2430 569 2504 sub
588 2430 736 2502 initium
759 2431 920 2504 insecuti
940 2427 1154 2504 decembris
1172 2431 1269 2503 inter

256 2548 489 2626 domesticos
505 2547 626 2644 prima
635 2535 747 2620 nocte
757 2560 942 2636 versatus,
954 2561 997 2620 ut
1007 2545 1172 2636 solebat,
1182 2573 1266 2621 cum

261 2666 382 2762 iisque
406 2663 576 2754 locutuS,
601 2689 687 2752 cum
708 2664 848 2738 lectum
866 2664 1048 2765 petiisset,
1067 2679 1110 2737 et.
1123 2690 1215 2737 mox
1231 2689 1266 2739 se

262 2781 429 2856 dormire
448 2781 544 2854 velle
568 2779 738 2870 dixissen
763 2796 860 2881 post.
873 2781 988 2880 paulo
1012 2782 1266 2856 moribundus

259 2902 437 2976 inventus
461 2914 516 2972 est
541 2923 628 2971 cum
658 2913 837 2989 stertore,
863 2913 1054 2997 etspuma
1076 2900 1124 2973 ad
1145 2925 1189 2974 os
1213 2916 1264 2973 at·¹

259 3043 334 3118 que
350 3042 479 3106 nares3
492 3017 619 3117 sicque
634 3019 734 3090 intra
741 3031 907 3115 quatuor
919 3019 1067 3094 circiter
1079 3016 1199 3094 boras
1213 3031 1263 3093 est

257 3153 441 3209 mortuus.
848 3191 850 3197 s
1031 3195 1034 3202 .

305 3253 505 3326 Cadaveris
524 3249 634 3324 {acies
656 3249 826 3350 turgida,
847 3265 885 3323 et
902 3251 1015 3324 lierda
1035 3279 1043 3323 ε
1066 3277 1203 3356 manus
1228 3266 1261 3326 et

247 3445 249 3449 ,
255 3369 372 3470 pedes
384 3395 462 3440 non
477 3367 640 3440 tumida:
653 3369 879 3465 praeputium
892 3393 1005 3460 vero,
1022 3384 1060 3442 et
1078 3371 1187 3470 glans
1205 3387 1260 3443 tu·

199 3529 201 3536 ·
255 3484 620 3575 mebant,livebant,
635 3500 672 3558 et
682 3509 795 3583 grave
810 3484 981 3577 olebant,
995 3489 1102 3586 quasi
1118 3487 1157 3560 in
1174 3512 1260 3588 gan·

254 3627 416 3704 graenam
449 3617 668 3700 vergerent3
700 3601 765 3676 s'ed
788 3617 955 3676 uretram
986 3607 1146 3678 scrutari
1174 3627 1258 3679 cum

289 3965 336 4051 (1)
356 3971 425 4032 vid.
442 3971 475 4031 in
487 3967 554 4030 bet.
568 3970 608 4030 N.
623 3971 656 4030 C.
674 3981 748 4034 tom.
761 3971 797 4048 5,
809 3973 908 4035 schol.
927 3975 967 4034 ad
982 3975 1047 4034 ebs.
1064 3973 1113 4034 ¹85.
