2820 4662
274 479 347 578 476
389 523 394 531 ·
441 501 489 548 mr
514 498 660 548 sannaus
685 501 729 546 rr
754 495 878 547 eausrs
904 497 1115 545 uonnormr

181 646 186 656 ¹
276 617 347 702 rit,
362 611 500 684 factum
511 595 610 712 'legi3
624 636 712 692 nam
731 610 1072 708 Drelincurtius(1)
1091 612 1131 680 in
1146 607 1286 682 eodem

278 721 518 804 molosso'tot
535 728 646 802 simul
670 743 900 818 tentaverat,
921 743 965 800 ut
982 753 1103 826 pauca
1130 753 1220 826 quar¹
1241 752 1286 797 ex

279 863 432 920 mortuo
458 847 672 946 descripsit,
691 845 763 920 alio
779 846 906 944 potius
922 870 1036 943 quam
1057 844 1162 933 huc,
1189 841 1287 914 refe-

280 965 399 1056 renda
413 989 492 1042 esse
506 963 714 1036 videantur.
724 963 844 1062 Igitur
863 973 948 1033 cum
963 960 1133 1034 Valsalva
1149 960 1288 1030 caroti-

282 1079 369 1152 dem
385 1095 585 1178 utramque
596 1079 768 1168 arteriam
784 1080 824 1150 in
837 1077 934 1150 collo
944 1075 1074 1160 infimo
1087 1077 1175 1149 cani
1190 1075 1286 1147 obli-

283 1211 421 1294 gasset,
436 1211 584 1269 artuum
597 1211 723 1268 motus
738 1196 834 1266 nihil
849 1195 1207 1292 detrimentipassus
1217 1207 1287 1264 est:

284 1313 488 1386 demissum
503 1328 629 1385 tamen
644 1313 819 1385 manebat
833 1329 969 1413 caput,
990 1328 1027 1384 et
1045 1311 1156 1409 quasi
1174 1309 1288 1380 obtu-

285 1453 368 1502 sum
384 1430 595 1528 apparebat.
620 1436 846 1529 Insequente
873 1435 996 1502 autem
1015 1443 1147 1518 nocte,
1172 1426 1288 1498 multa

285 1573 331 1619 ex
345 1561 410 1635 ore
433 1548 546 1620 saliva
570 1551 719 1636 emissa,
743 1573 851 1621 mane
874 1549 951 1644 jam
976 1544 1210 1618 hebetudine
1229 1543 1289 1612 illa

286 1663 466 1754 discussa,
479 1664 590 1736 hilari
606 1681 759 1764 aspectu
780 1667 882 1738 canis
899 1663 1023 1738 oblata
1039 1663 1148 1734 avide
1155 1670 1289 1760 ‘eome-

287 1781 420 1872 debat,
436 1808 522 1856 cum
538 1782 660 1881 aliqua
671 1799 796 1855 tamen
811 1785 851 1855 in
868 1780 1112 1880 deglutiendo
1130 1777 1291 1852 difficul·
1401 1823 1402 1832 κ

221 1980 225 1992 ,
287 1915 372 1972 tate.
392 1902 451 1971 Sic
468 1901 666 1974 commode
677 1903 847 1999 quinque
865 1901 944 1974 dies
959 1901 1064 1987 vixit,
1076 1921 1290 1996 omnespro

288 2041 330 2087 re
350 2032 436 2089 nata
462 2033 586 2117 partes
613 2020 784 2116 corporis
810 2017 981 2117 expedite
1001 2016 1224 2104 movendo,
1256 2028 1291 2085 et

209 2174 212 2181 ·
290 2158 360 2231 per
368 2134 465 2207 aedes
479 2134 719 2207 ambulando.
732 2140 880 2206 Interea
893 2159 989 2207 vero
1000 2133 1096 2206 labia
1111 2148 1151 2204 et
1162 2145 1290 2230 caput,

290 2265 328 2322 et
353 2252 440 2323 colli
467 2254 654 2338 anteriora
668 2269 814 2326 tumere
834 2261 1043 2351 coeperant:
1060 2265 1098 2322 et
1118 2249 1289 2348 quamvis

290 2369 363 2440 seri
389 2395 562 2468 magnam
592 2372 738 2469 copiam
764 2397 811 2442 ex
835 2396 900 2442 ore
919 2371 1132 2458 emitteret,
1167 2382 1286 2438 tamen

290 2487 409 2584 magis
429 2511 583 2585 semper,
590 2504 778 2564 crescente
793 2505 941 2562 tumore
952 2543 965 2578 ,2
978 2513 1021 2561 ac
1041 2485 1185 2558 viribus
1199 2509 1287 2584 pau·

290 2601 395 2672 latim
421 2601 704 2697 deficientibus,
725 2622 828 2679 sexto
855 2606 949 2679 obiit
968 2605 1039 2678 die.
1063 2610 1109 2674 In
1129 2603 1287 2675 dissecto

293 2718 393 2790 collo
410 2736 602 2819 repertum
617 2740 690 2815 est,
709 2725 848 2798 laceras
867 2717 1189 2822 quasdam‘partes
1205 2745 1287 2819 gan·

291 2859 416 2932 granna
430 2841 567 2913 tentari
586 2856 724 2940 coeptas
740 2865 842 2914 esse:
861 2841 956 2934 nihil
967 2855 1092 2912 autem
1104 2862 1178 2936 per
1193 2859 1289 2908 cons

290 2953 419 3028 tricus
437 2959 589 3031 arterias
606 2983 730 3031 meare
744 2958 792 3031 ad
807 2965 920 3057 cap'ut
935 2958 1111 3066 potuisse.
1134 2960 1153 3025 J
1158 2953 1286 3053 ugula-

293 3096 355 3144 res
381 3074 536 3146 internae
563 3075 740 3160 nonnihil
768 3073 958 3174 sanguinis
985 3073 1151 3174 gru'mosi
1179 3069 1291 3141 habe·

294 3184 406 3281 bant3
421 3216 508 3264 cum
527 3218 630 3265 venae
645 3206 799 3283 caeterae,
818 3213 1061 3291 quaecumque
1075 3195 1145 3288 per
1165 3202 1293 3287 caput,

295 3322 399 3379 extra
411 3311 593 3400 cranium,
606 3308 794 3400 feruntur,
806 3310 969 3409 plurimo
983 3303 1164 3408 sanguine
1175 3322 1291 3379 tume-

296 3439 391 3495 rent.
416 3428 488 3499 Sed
516 3452 657 3526 paucus
678 3429 815 3501 eratin
836 3427 932 3500 vasis
956 3425 1117 3514 cerebri,
1146 3422 1292 3522 egregie

296 3541 465 3641 alioquin
481 3568 520 3616 se
532 3545 716 3621 habentis.

344 3666 388 3732 In
403 3663 557 3735 dextero
573 3663 699 3738 cordis
710 3664 940 3744 ventriculo'
932 3662 1081 3736 mitium
1091 3658 1295 3731 concretio·

303 3871 1299 3906 *mm

338 4030 365 4106 (ι
353 4033 381 4110 1)
400 4035 481 4092 Loro
494 4035 586 4094 modo
600 4035 650 4093 cit.
