2812 4660
292 411 362 482 330
457 435 503 480 nr
530 433 676 481 sumnus
702 435 746 479 rr
772 431 895 480 causis
921 431 1135 480 uouronuu

290 525 390 620 taxat
407 571 624 646 grumosus‚
651 571 721 618 nec
745 546 895 617 multus.
915 547 1059 618 Arteria
1079 562 1205 618 autem
1223 553 1298 618 mass

292 691 364 764 gna
389 680 469 736 toto
484 666 550 736 illo
571 678 692 736 tractu
712 688 826 761 quoa
845 663 959 734 corde
976 666 1142 762 pertinet
1161 665 1208 736 ad
1227 665 1298 736 dia-

290 783 473 882 phragma
497 807 641 880 usque,
665 783 704 850 in
727 807 883 853 enorme
898 774 1058 854 'dilatata
1083 797 1163 856 erat
1188 809 1299 855 aneu-

268 927 429 995 .rysma‚
447 925 525 971 non
547 925 652 997 aeque
673 914 797 974 tamen
816 898 959 996 ubique
979 901 1117 988 latum,
1138 900 1203 972 sed
1225 902 1299 972 aliis

290 1021 330 1090 in
351 1020 443 1090 locis
459 1020 604 1105 minus,
627 1019 671 1099 in,
687 1018 768 1092 aliis
788 1018 949 1088 vicissim
970 1020 1097 1116 magis.
1125 1018 1298 1090 Adhaere-
1394 1057 1395 1078 κ

289 1138 355 1210 bat
379 1137 614 1209 tenacissime
640 1151 781 1232 quartae
809 1150 845 1206 et
868 1137 1006 1231 quintae
1027 1135 1197 1208 thoracis
1224 1161 1301 1207 ver·
1394 1113 1395 1148 ³

290 1256 426 1342 tebris‚
442 1280 524 1352 quae
541 1254 780 1325 dextrorsum
802 1253 978 1323 nonnihil
996 1239 1189 1324 incurvari
1202 1253 1298 1325 vide-

289 1373 459 1444 bantur:
481 1388 516 1443 et
533 1373 639 1467 juxta
660 1371 727 1442 has
749 1371 960 1468 disruptum
979 1388 1076 1454 erat,
1097 1373 1298 1470 amploque

290 1489 397 1562 hiatu
415 1491 635 1588 sanguinem
651 1490 691 1558 in
705 1488 870 1561 thoracis
882 1488 1068 1560 sinistram
1082 1513 1237 1561 caveam
1252 1487 1299 1561 el·
1395 1563 1396 1578 χ

230 1597 235 1606 ’
290 1607 448 1679 fuderat.
470 1609 576 1680 Circa
594 1607 668 1678 hoe
691 1605 861 1678 foramen
880 1611 1073 1679 concretio
1093 1624 1176 1680 erat
1196 1609 1298 1705 poly-

289 1752 399 1826 posa,
423 1728 462 1796 in
483 1725 607 1797 tubuli
627 1724 785 1796 formam
808 1742 1006 1798 excavata:
1027 1726 1152 1823 ipsum
1177 1741 1299 1810 autem

289 1844 459 1918 foramen
486 1845 613 1916 ulcere
638 1843 946 1916 circumdabatur
971 1870 978 1913 :
1005 1859 1047 1914 ut
1068 1868 1184 1916 succo
1208 1869 1299 1940 quo·

290 1964 376 2035 darn
400 1963 581 2034 erodente
607 1965 710 2060 prius
733 1962 968 2034 exulceratus
990 1965 1133 2035 arteriae
1158 1965 1298 2060 paries,

288 2082 425 2153 deinde
438 2082 565 2152 ulcere
577 2082 693 2177 magis
714 2081 906 2177 magisque
917 2078 1109 2177 profundo
1121 2077 1242 2167 facto,
1256 2079 1298 2149 ad
1396 2067 1397 2080 i

290 2223 371 2270 eam
399 2199 620 2270 tenuitatem
643 2197 817 2268 redactus
842 2195 955 2268 fuisse
979 2196 1193 2284 videretur,
1221 2221 1299 2293 qua

290 2317 482 2414 sanguinis
502 2317 685 2412 impetum
709 2311 806 2386 ferre
829 2315 991 2411 amplius
1016 2340 1095 2385 non
1120 2317 1297 2413 putuerit.

293 2439 337 2504 In
366 2449 498 2504 ventre
526 2432 769 2504 adnotatione
798 2432 935 2530 dignus
961 2431 1031 2505 tuit
1053 2457 1122 2504 ren
1153 2432 1299 2520 dexter,

291 2553 399 2646 cujus
424 2549 623 2620 dimidium
651 2547 806 2622 inferius
834 2551 1042 2622 secundum
1066 2565 1243 2622 naturam
1264 2575 1299 2621 se
1397 2587 1398 2644 3

289 2668 474 2756 habehat;
499 2667 659 2739 alterum
679 2683 804 2740 autem
831 2684 955 2740 totum
977 2669 1115 2740 eratin
1137 2669 1299 2767 amplam

289 2788 450 2857 vesicam
478 2800 680 2876 mutatum,
705 2813 750 2858 ex
773 2788 880 2858 tenui
906 2801 1053 2858 tantum
1077 2786 1300 2858 membrana

289 2902 442 2992 factam,
458 2929 527 3003 per
547 2928 660 3000 quam
677 2903 827 3003 elegans
837 2929 854 2992 ,·
866 2905 1038 3002 quamvis
1056 2904 1298 3001 inaequalium

289 3048 477 3108 arearum,
489 3022 729 3094 vasculorum
743 3037 821 3094 rete
835 3020 1057 3110 ducebatur,
1070 3021 1190 3119 quod,
1205 3037 1299 3095 atra·

288 3157 418 3212 mento
439 3166 507 3240 per
524 3140 779 3236 emulgentem
793 3141 966 3212 arteriam
981 3141 1139 3236 injecto,
1156 3141 1198 3208 in
1210 3162 1298 3211 con·

290 3267 461 3356 spectu'm
485 3260 597 3329 veuit.
618 3256 807 3354 Turgebat
834 3283 878 3328 ea
900 3259 1021 3329 vesica
1048 3281 1133 3328 sero
1159 3256 1209 3328 ad
1231 3281 1296 3326 uu·

290 3378 364 3447 cias
393 3378 543 3448 circiter
564 3391 656 3463 tres,
686 3374 791 3473 quod
810 3376 889 3472 igni
908 3376 1148 3472 impositum,
1168 3376 1299 3446 urino-

291 3519 373 3565 sum
399 3492 595 3565 exhalabat
627 3493 803 3579 odorem;
836 3508 873 3563 et
894 3491 1114 3564 ebulliendo
1145 3505 1182 3564 et
1214 3517 1296 3590 spu·

290 3612 450 3698 maudo,
467 3611 507 3680 in
526 3635 634 3682 auras
649 3611 750 3682 abiit.
763 3609 864 3681 Illud
876 3633 1030 3708 quoque
1043 3610 1225 3682 Valsalvae
1238 3634 1299 3681 oc·

291 3734 409 3803 currit
427 3705 491 3801 rel
514 3731 631 3829 magis
654 3728 812 3826 dignum
834 3728 939 3827 quod
966 3727 1181 3799 adnotetur.
1205 3733 1298 3800 Cum

289 3874 376 3920 vasa
396 3846 575 3944 chylilera
593 3872 612 3915 e
632 3846 812 3920 tenuibus
833 3846 1018 3918 intestinis
1036 3844 1084 3915 ab
1098 3861 1235 3916 octavo
1245 3847 1299 3915 in·

291 3965 345 4036 fra
360 3967 535 4064 pylorum
553 3964 671 4061 digito
688 3965 735 4036 ad
754 3965 868 4066 ulnas·
880 3963 1028 4036 circiter
1049 3961 1142 4035 duas
1168 3961 1301 4040 crebra¹
