2812 4660
329 438 398 538 396
493 463 539 508 nn
566 461 711 510 sinnius
734 459 779 506 nr
805 457 928 506 musis
953 458 1166 508 morionum

377 575 431 648 15.
451 574 657 647 Videbatur
666 574 779 644 Villio
792 572 1124 644 incommodorum
1142 576 1328 662 omnium,

324 711 436 792 atque
453 693 695 784 adeo'mortis
713 716 822 763 causa
840 693 880 760 in
898 707 1037 762 tantam
1056 691 1160 762 illam
1184 694 1328 790 pulmo-

278 895 280 900 ,
324 838 415 882 num
429 836 514 881 cum
529 810 709 907 proximis
726 808 897 907 partibus
911 808 1163 880 cohaesionem
1180 834 1262 882 esse
1275 835 1328 880 re-

321 928 495 1026 jicienda.
514 933 591 1024 Ego
601 950 691 997 vero
706 927 1007 998 observationem
1022 928 1093 1023 ipsi
1104 951 1328 998 commemo-

323 1049 403 1118 ravi
418 1043 833 1140 Diemerbroeckii(1),
855 1046 921 1142 qui
944 1069 1021 1114 nou
1043 1043 1089 1114 ad
1110 1044 1195 1115 illas
1217 1044 1327 1114 modo

322 1157 450 1262 partes
467 1186 618 1250 omnes,
636 1161 700 1233 sed
721 1161 767 1230 ad
782 1186 975 1258 supremas
993 1187 1147 1259 quoque
1166 1186 1328 1234 annexos

326 1283 526 1381 pulmones
543 1296 618 1352 tam
633 1277 808 1366 firmiter,
825 1295 867 1350 ut
887 1305 965 1350 non
983 1281 1061 1350 sine
1082 1305 1221 1388 magna
1244 1281 1328 1352 dila-

326 1400 515 1470 ceratione
534 1398 640 1468 avelli
657 1413 826 1495 possent,
845 1399 885 1467 in
905 1423 950 1468 eo
968 1396 1244 1495 deprehendit,
1270 1397 1327 1493 qui

325 1514 422 1586 bene
441 1539 552 1586 sanus
569 1514 708 1612 absque
728 1515 803 1585 ulla
818 1514 984 1612 spirandi
997 1512 1221 1586 difficultate
1234 1516 1325 1584 vixe-

325 1649 383 1703 rat
402 1632 523 1704 donec
543 1633 746 1731 suspendio
770 1650 925 1704 necatus
948 1648 1012 1704 est.
1032 1631 1104 1702 Sed
1124 1647 1168 1702 ut
1195 1630 1328 1728 aliquid

243 1789 245 1802 =
326 1749 1327 1846 illietiamadhaesionitribueremussecundnmeaquae

325 1869 406 1942 aliis
422 1869 468 1940 ad
488 1885 523 1942 te
539 1870 670 1941 litteris
681 1869 821 1966 (a)·hac
836 1869 883 1940 de
901 1895 942 1940 re
960 1853 1216 1963 conjecimus,
1238 1882 1326 1964 post·

327 2013 441 2084 quarn
460 1987 629 2082 eamdem
647 1985 1087 2082 illamDiemerbroeckii
1101 1984 1325 2057 observatio-

327 2131 434 2195 nem,
453 2099 617 2202 aliasque
637 2106 902 2191 indicavimus3
931 2105 1051 2175 multo
1063 2088 1065 2092 ⁸
1077 2103 1165 2200 plus
1182 2119 1323 2187 tamen,

274 2305 279 2316 ,
326 2212 405 2296 nori
423 2223 697 2310 dubitaremus,
714 2223 859 2320 ingenti
871 2213 1014 2306 cordis,
1028 2223 1238 2318 praesertim
1255 2219 1325 2290 ssac-

328 2342 419 2430 cidi,
431 2341 682 2438 magnitudini
693 2365 771 2412 esse
788 2338 1051 2436 imputandum
1063 2337 1114 2407 oh
1129 2338 1326 2436 praecipuas

328 2457 456 2532 earum
475 2482 689 2546 causarum,
713 2483 794 2555 quae
820 2481 931 2554 supra
954 2455 1008 2552 (3)
1028 2457 1175 2527 suntin
1202 2454 1326 2526 sutoris

327 2590 450 2646 morte
459 2582 771 2646 commemoratae.
783 2575 884 2664 Quin
894 2572 1048 2644 distenti
1057 2571 1203 2660 cordis,
1216 2593 1326 2668 eoque

328 2690 593 2762 mediastinum
614 2692 666 2762 ad
691 2693 912 2790 pulmones,
937 2691 1008 2760 hos
1032 2667 1123 2760 vero
1148 2689 1326 2760 adcostas

328 2809 517 2906 urgentis,
535 2825 572 2880 et
593 2809 870 2907 compellentis,
894 2805 1048 2878 effectus
1066 2831 1145 2878 csse
1166 2832 1213 2878 ex
1234 2815 1326 2903 parte

329 2927 454 3023 aliqua
472 2927 661 2999 interdum
680 2941 805 3025 potest
822 2927 901 3024 ipsa
916 2927 1142 3023 pulmonum
1161 2923 1325 3006 adhaesi0,

330 3071 412 3142 quae
429 3045 468 3114 in
489 3061 614 3116 sutore
640 3070 794 3142 quoque
818 3045 994 3115 adnotata
1019 3057 1091 3130 est,
1116 3056 1160 3112 ut
1182 3038 1326 3113 effectus

327 3179 439 3252 certe,
455 3163 514 3235 vel
524 3162 574 3234 ob
592 3189 672 3234 eam
684 3159 1324 3259 constringentemcompulsionem,

329 3297 385 3353 est
404 3279 602 3354 difficultas
620 3281 888 3378 respirationis.
904 3281 989 3368 Quo
1000 3277 1118 3374 magis
1136 3278 1254 3346 miror
1269 3273 1326 3344 ali-

329 3399 483 3494 quando
496 3423 581 3469 cum
596 3400 634 3468 iu
646 3397 952 3470 asthmaticorum
964 3393 1131 3465 historiis
1146 3393 1324 3490 explican-

328 3513 384 3586 dis
402 3515 462 3585 vel
485 3518 644 3589 maxime
664 3529 772 3587 aucta
792 3513 915 3585 cordis
934 3511 1052 3582 moles
1072 3534 1153 3580 non
1172 3508 1323 3581 attendi·

369 3800 413 3878 (1)
432 3805 521 3859 Anat.
539 3804 558 3858 l.
574 3821 608 3873 a,
624 3823 649 3858 c.
668 3803 712 3860 13.
777 3805 778 3810 ’

369 3900 412 3977 (a)
435 3903 529 3977 Epist.
548 3902 598 3974 16,
617 3922 648 3958 n.
665 3902 716 3973 15,
736 3902 780 3958 16.

371 3999 413 4075 (3)
431 4003 467 4056 N.
483 4001 510 4056 3.
