2750 4658
180 487 251 535 rm.
275 486 316 535 11.
344 487 390 534 nr
415 483 552 534 uonms
577 481 774 549 rnonacrs,
800 485 917 535 uersu
938 487 1013 536 xvr.
1042 465 1116 540 213

100 597 224 672 fieret.
244 605 426 673 Caeterum
436 597 598 696 lymphae
613 598 748 670 duetus
758 598 958 696 turgebant
972 605 1011 673 in
1025 629 1118 677 vene

101 732 186 806 tre,
207 732 418 814 cunctaque
435 715 705 812 hujusviscera
724 714 821 786 bene
841 741 879 788 se
900 717 1114 813 habebant,

101 835 135 907 si
153 836 330 906 indurata
347 835 510 933 excipias
529 833 664 904 ovaria.
676 831 824 908 Thorax
837 837 993 908 omniuo
1009 863 1113 936 aquae

102 952 273 1050 plenus:
294 952 494 1050 pulmones
522 949 699 1022 nonnihil
724 965 761 1022 et
785 951 890 1042 duri,
921 970 957 1025 et
985 956 1113 1048 rubri,
1146 1011 1147 1016 η

101 1070 297 1167 variisque
320 1069 476 1140 maculis
502 1070 620 1166 nigris
648 1067 833 1158 distincti,
863 1087 991 1143 caetcra
1021 1077 1111 1147 sani.

102 1190 250 1260 Dexter
270 1186 394 1259 cordis
410 1187 642 1263 ventriculus
658 1188 876 1261 continebat
893 1191 1113 1289 polyposam

101 1306 413 1394 concretionem,
428 1319 465 1378 et
482 1310 579 1376 circa
601 1303 699 1377 hanc
720 1315 938 1402 grumosum
964 1310 1113 1406 sangui-

104 1447 200 1494 nem
227 1450 236 1492 :
265 1423 395 1519 quiin
422 1423 591 1512 sinistro,
619 1424 791 1520 vasisque
828 1424 1005 1497 omnibus
1035 1441 1114 1500 erat

103 1539 256 1614 fluidus.
1134 1541 1136 1545 ⁴

161 1657 194 1730 5.
212 1656 325 1749 Quod
337 1645 506 1732 Valsalva
521 1659 591 1747 ita,
610 1671 654 1731 ut
672 1657 840 1746 reddidi,
862 1661 1041 1759 scriptum
1053 1687 1117 1734 re·

105 1776 239 1874 liquit,
253 1789 430 1848 neutrum
442 1777 482 1846 in
492 1775 589 1848 latus
599 1774 785 1847 laboriose
799 1776 1019 1850 decubuisse
1031 1805 1113 1875 quae

107 1891 313 1966 difficulter
349 1908 386 1965 et
414 1907 537 1964 erecta
567 1893 710 1964 cervice
735 1892 913 1991 spiraret;
951 1911 1014 1964 aut
1037 1895 1115 1967 illic

106 2027 310 2110 negantem
327 2011 566 2110 particulam,
586 2024 628 2081 ut
643 2009 686 2080 fit
711 2032 781 2107 per
796 2009 1003 2100 incuriam,
1019 2013 1118 2081 omia

107 2131 172 2214 sit,
188 2123 320 2201 autad
345 2129 449 2200 hunc
470 2128 626 2202 modum
643 2146 698 2202 est
715 2127 976 2228 accipiendus,
996 2141 1039 2198 ut
1055 2121 1112 2197 di-

107 2272 193 2318 cere
215 2247 396 2335 voluerit,
420 2247 492 2320 uisi
513 2271 588 2318 una
605 2245 808 2320 difficultas
828 2244 996 2344 spirandi
1013 2258 1112 2317 ueta=

104 2379 183 2454 ret,
202 2365 469 2438 utrumliberet
482 2367 521 2436 in
535 2367 652 2455 latus,
665 2381 707 2438 ut
723 2365 876 2438 fortasse
892 2362 1110 2462 experiendi

100 2507 217 2557 'causa
244 2484 519 2582 imperaverant
545 2484 751 2582 aliquando
773 2483 928 2571 medici,
954 2484 1033 2554 sine
1057 2481 1118 2552 la-·

104 2600 200 2674 bore
217 2601 409 2700 paulisper
422 2599 649 2674 decumbere
668 2603 854 2701 potuisse,
872 2601 1013 2698 quippe
1025 2601 1110 2670 nul·

105 2719 141 2790 la
155 2719 338 2805 hinc,aut
348 2719 450 2791 illinc
459 2774 469 2807 ,
479 2721 571 2791 utin
583 2717 736 2792 thorace
747 2744 851 2816 aeque
863 2719 978 2817 pleno
991 2719 1108 2788 utrin-

106 2863 204 2936 que,
220 2836 407 2926 molestia,
421 2852 485 2909 aut
504 2837 636 2909 dolore
653 2837 895 2937 prohibitam.
913 2834 1025 2925 Quod
1041 2861 1108 2906 au-

103 2970 181 3028 tem
199 2959 239 3026 in
254 2955 344 3043 hac,
363 2969 399 3026 et
416 2955 615 3029 nonnullis
631 2956 712 3028 aliis
731 2953 959 3052 ejuscemodi
978 2951 1107 3023 obser·

102 3072 317 3145 rationibus
332 3087 524 3172 turgentes
539 3073 703 3173 lymphae
721 3072 856 3145 ductus
874 3094 1108 3142 commemo·

104 3206 185 3280 rat3
209 3191 249 3262 id
276 3190 453 3263 accidisse
478 3191 715 3290 putabimus,
737 3203 801 3260 aut
835 3187 884 3259 ob
914 3211 1038 3259 serum
1064 3187 1104 3257 in

104 3310 286 3407 sanguiue
319 3308 553 3398 redundans,
585 3321 649 3378 aut
673 3305 731 3377 ob·
756 3327 887 3377 eorum
917 3303 1105 3375 ductuum

100 3426 422 3526 compressiones,
448 3425 769 3498 obstructiouesve
788 3425 827 3493 iu
849 3421 1018 3522 partibus
1041 3423 1104 3493 ul-

101 3543 303 3616 terioribus
314 3599 324 3633 ,
337 3559 457 3615 tantas
473 3543 698 3640 aliquande,
716 3557 757 3614 ut
770 3556 900 3614 tenues
915 3565 1099 3638 quorum-

102 3659 187 3731 dam
213 3685 259 3731 ex
281 3661 370 3759 ipsis
394 3661 528 3732 tunicae
552 3659 753 3747 dissiliant,
778 3657 1021 3756 corporisque
1040 3679 1101 3724 ca·

103 3776 358 3849 veasinundet
370 3801 476 3874 aqua.
488 3774 793 3848 Casumhabesin
803 3765 1103 3873 Sepulchreto(1)

96 3921 1106 3954 ww

142 4041 186 4120 (1)
205 4045 239 4100 L.
257 4061 292 4116 a,
307 4062 330 4100 s.
350 4039 496 4114 1,,801101.
510 4043 548 4103 ad
562 4043 628 4102 obs.
643 4039 690 4114 75.
