2766 4670
299 445 366 494 112
460 444 507 492 ne
533 441 747 492 senneser
772 444 897 496 ctus1s
921 447 1133 502 tteenomt

295 558 505 657 Slevogtius
529 557 585 657 (1)
606 564 916 636 commemoravit
939 567 1226 666 caredagineum
1248 575 1304 644 vi-

162 672 164 680 ’
224 742 226 746 .
297 677 452 766 delicet,
469 677 536 748 vel
541 703 709 752 successu
723 688 898 780 temporis
913 705 1058 756 osseum
1064 737 1075 773 ,
1089 703 1160 758 adt
1172 688 1231 760 ad
1239 714 1304 762 na·

290 796 421 869 'turam
447 795 585 895 lapidis
606 795 857 888 accedentem,
878 815 916 870 et
929 808 964 873 si
968 803 1095 899 sedem
1115 823 1302 899 meretur,

294 914 473 1014 ligneum,
491 919 614 986 visum
638 939 665 984 a
690 917 785 986 Jobc
813 941 893 988 van
915 919 1100 994 Meekren.
1127 922 1302 1000 Profecto

295 1036 397 1106 enim
425 1033 455 1103 si
480 1031 630 1128 hujus(
676 1033 824 1130 )caput
843 1058 865 1104 a
881 1034 1069 1135 Slevogtio
1092 1039 1301 1116 indicatum

295 1151 519 1251 perlegeris3
545 1173 627 1220 non,
662 1149 828 1247 ligneum
863 1148 976 1226 fuisse
999 1156 1212 1256 intel-liges,
1237 1159 1301 1234 sed

294 1269 520 1370 polyposam
535 1281 825 1340 excrescentem
823 1271 994 1361 frustum
1011 1272 1104 1368 ligni
1117 1280 1156 1346 in
1176 1276 1301 1350 medio

297 1389 579 1474 continentem,
606 1383 653 1456 ab
677 1410 801 1484 tegre,
828 1387 970 1485 quippe
988 1390 1130 1462 trienni
1155 1394 1302 1492 pudic,

295 1504 392 1578 clam
410 1507 508 1576 intra
526 1526 637 1576 nares
655 1503 851 1593 adactum,
869 1505 973 1602 quod
995 1513 1300 1606 suppurationis,

294 1639 332 1696 et
351 1623 610 1696 excrescentiae
624 1645 735 1693 causa
750 1620 880 1694 fuerat.
900 1624 961 1694 Sic
972 1625 1083 1696 etiam
1100 1650 1218 1725 quem
1235 1653 1302 1729 po.

293 1740 425 1842 lypum
444 1743 623 1839 antiquus
641 1755 775 1812 auctor
791 1740 879 1812 libri
899 1743 935 1815 ΙΙ
953 1741 1002 1814 de
1015 1745 1156 1816 morbis
1170 1745 1229 1842 (3)
1244 1750 1301 1818 in-'

293 1874 353 1934 ter
368 1860 462 1934 alies
476 1862 525 1932 ita
542 1859 760 1958 descripsit,
773 1859 1085 1958 videturquidem
1095 1885 1186 1936 caro
1204 1890 1299 1938 esse:

290 1985 326 2052 si
339 1992 433 2052 vero
444 1985 565 2078 aptum
577 1982 764 2076 attigeris,
777 1983 970 2078 etrepitum
980 1978 1063 2049 edit
1074 1979 1179 2052 velat
1187 1981 1299 2083 lapie·

292 2122 510 2197 qua-nquam
525 2097 645 2170 Salius
665 2096 719 2192 (Δ)
735 2093 916 2194 polypum
939 2120 1160 2190 caecroeum
1183 2097 1297 2175 fuisse

289 2232 416 2316 putat;
429 2242 523 2288 num
540 2215 723 2316 polypum
737 2209 1087 2290 caiicrosumfiiisse
1100 2217 1246 2308 credes,
1258 2231 1310 2291 ut*

289 2324 500 2433 Sievogtius
514 2335 697 2406 indicasse
715 2332 884 2424 videtur,
901 2336 968 2432 qui
985 2335 1034 2406 ad
1048 2348 1226 2408 naturam
1247 2338 1297 2409 la·

288 2453 389 2552 pidis
405 2449 670 2524 tantummodo
685 2450 881 2524 accederet
898 2452 913 2522 Ρ
930 2477 980 2524 an
998 2452 1224 2551 polypcsam
1235 2479 1296 2528 ex·

289 2561 533 2643 crescentiam
558 2570 684 2667 potius
705 2593 787 2666 quae
811 2569 1018 2660 calculum,
1041 2584 1106 2644 aut
1131 2571 1297 2646 calculos

287 2689 408 2761 laxius
424 2688 742 2785 complecteretur
757 2686 929 2760 duiiores
946 2687 961 2762 i
981 2692 1072 2762 nam'
1089 2689 1259 2764 calculos
1277 2711 1296 2760 e

285 2805 442 2880 naribus
467 2801 579 2878 fuisse
599 2829 786 2878 excussos
804 2807 943 2897 forma
974 2820 1013 2876 et
1036 2809 1295 2904 mafflcitudiae

286 2923 544 3012 dactrlorum,
560 2923 714 2998 tradidit
732 2923 798 2994 Th.
818 2922 1062 2998 Bartholinus
1077 2922 1155 3022 (5);
1174 2942 1218 2998 ut
1226 2930 1295 3000 mi·

286 3068 399 3117 nores
419 3043 547 3142 piures
568 3045 758 3128 omittam,
773 3041 821 3114 ab
841 3043 922 3114 aliis
947 3042 1171 3132 adnotatos,
1201 3060 1246 3117 ut
1273 3067 1293 3114 a

184 3199 187 3204 r
283 3161 455 3235 Khernio
468 3160 544 3258 (6),
563 3176 600 3234 et
615 3159 664 3231 ab
679 3158 852 3232 Riedlino
865 3158 940 3256 (7),
954 3185 1119 3260 quorum
1137 3161 1293 3234 ultimos

283 3337 1291 3376 ww

322 3443 368 3523 (1)
386 3446 471 3521 Disp.
483 3446 522 3503 de
533 3443 654 3520 Polypie
669 3441 791 3516 οιιρίῑίι,Ι
809 3447 887 3522 5²9·

319 3545 366 3625 (a)
385 3545 457 3605 Obe.
471 3545 552 3602 Med.
567 3539 650 3602 chit.
664 3561 691 3600 c.
708 3545 755 3608 ¹4·

318 3645 365 3727 (3)
384 3649 423 3722 N.
438 3647 492 3716 34,
510 3645 592 3720 apud
607 3642 757 3702 Marinell.

316 3746 365 3826 (4)
385 3749 551 3804 Commeat.
563 3744 596 3800 in
607 3744 688 3801 hunc
701 3745 801 3799 locum
812 3743 865 3818 qui
875 3742 934 3820 ipsi
950 3754 995 3806 est
1011 3754 1082 3806 text.
1098 3744 1150 3804 68.
1176 3757 1186 3777 ¹

316 3846 364 3925 (5)
385 3850 468 3905 Ceut.
485 3865 518 3916 1,
535 3844 613 3902 Hist.
626 3846 715 3902 Anat.
730 3843 779 3901 33.
1008 3893 1013 3902 ,

317 3949 364 4030 (6)
384 3945 461 4023 Eph.
475 3947 513 4004 N.
532 3947 565 4003 C.
580 3946 652 4001 Dec.
667 3944 702 4014 3,
717 3945 755 4000 A.
771 3941 787 3999 5
800 3953 829 3999 et
840 3943 873 4016 6,
886 3944 951 4004 obs.
965 3943 1013 4018 46.

319 4047 364 4136 (y)
384 4047 458 4110 Dec.
472 4045 537 4106 ead
550 4046 588 4104 Δ.
600 4063 621 4122 9
632 4055 663 4102 et
676 4061 730 4118 10,
747 4042 813 4102 obs.
828 4040 896 4112 145.
