2766 4670
200 442 271 492 ma.
299 443 340 490 11.
367 444 413 492 uu
439 437 583 490 uomus
601 439 936 506 reonanmmsr.
963 445 1021 492 xv.
1054 425 1147 498 181:

114 558 173 630 vis
193 557 344 632 nullum
366 554 494 628 fuisset
512 555 627 652 hujus
646 555 852 628 laborantis
868 557 1050 630 indicium
1065 561 1125 634 vel
1148 605 1152 612 .

113 675 199 774 ipso
220 675 511 747 convulsionum
531 688 723 770 tempore3
740 689 888 745 caeteras
903 674 1126 748 autemnon·
1150 719 1153 734 :

114 793 263 880 vulsas,
280 808 317 864 et
333 789 465 862 dolore
483 787 633 862 affectas
651 805 776 888 partes
792 791 851 862 vel
869 816 1014 864 summa
1035 818 1126 868 cura
1150 841 1152 848 ι

116 910 449 982 examinatassine
460 908 539 979 ulla
557 908 714 979 omnino
726 908 886 980 laesionis
896 926 983 981 nota
996 911 1126 1008 depre-

117 1026 306 1098 hendisse.
329 1031 409 1097 Huc
427 1024 605 1114 addebat,
625 1049 719 1123 saepe
736 1026 775 1094 in
794 1026 1013 1100 vulneribus
1029 1054 1124 1126 quo·
1230 1096 1232 1101 .

117 1169 218 1241 que,
235 1145 475 1214 imminentes
495 1144 759 1222 convulsiones
776 1168 863 1214 nou.
874 1144 1045 1235 illorum,
1059 1147 1126 1220 sed

116 1259 328 1358 pharyngis
344 1256 589 1336 antecedente
606 1259 746 1332 dolore
758 1266 1036 1358 praemonstrari
1050 1263 1123 1362 (1);

117 1403 206 1452 cum
220 1392 346 1452 tamen
356 1392 522 1467 constet,
540 1403 619 1450 uon
633 1379 675 1448 iu
689 1377 883 1478 pharynge
894 1435 910 1468 ,.
920 1380 985 1452 sed
999 1383 1038 1452 in
1049 1383 1125 1456 vulf

116 1495 276 1568 neribus
292 1496 582 1568 convulsionum
609 1519 758 1568 causam
780 1520 879 1586 esse,
902 1497 1122 1570 etdoloris:

118 1638 196 1711 qua
213 1613 261 1685 de
277 1627 381 1686 retu
399 1611 565 1710 Wepferi
580 1616 691 1686 etiam
712 1616 853 1711 poteris
866 1614 927 1686 vel
937 1616 977 1686 in
992 1615 1123 1713 Sepul-

116 1730 252 1804 chreto
273 1729 328 1828 (a)
344 1730 627 1812 observationes
643 1733 782 1804 videre.
802 1733 922 1829 Igitur
940 1755 1028 1804 eum
1043 1758 1122 1806 res-

114 1850 256 1947 piratio
285 1845 446 1920 difficilis
477 1862 532 1920 est
560 1849 652 1920 vitio
684 1872 909 1936 nervorum,
940 1853 1008 1921 etsi
1030 1864 1122 1922 tunc

117 1967 275 2064 quidem
290 1964 435 2053 facilius
445 1964 700 2062 dignoscitur,
716 1967 746 2038 si
759 1989 954 2038 causarum
967 1967 1124 2038 aliarum

116 2083 338 2156 absentibus
362 2085 496 2181 signis,
519 2081 665 2154 laborat
694 2099 834 2181 eaputt-
855 2082 1046 2154 interdum
1070 2099 1123 2156 ta·
1162 2081 1165 2088 ’

116 2227 208 2273 men
228 2201 381 2292 accidit,
399 2216 442 2273 ut
460 2199 508 2273 ab
525 2200 600 2274 hoc
615 2201 680 2291 sit,
695 2225 782 2274 cum
802 2201 959 2273 omniuo
975 2200 1122 2274 videtur

115 2320 305 2394 illaesum„

170 2462 225 2508 10.
254 2443 438 2510 Caeterum
455 2453 492 2511 et
502 2461 596 2538 saepe
606 2460 811 2514 nervorum
827 2438 956 2540 eulpa,
973 2440 1123 2513 insonte

115 2555 300 2644 cerebro,
315 2556 460 2629 turbari
475 2559 762 2655 respirationem
779 2566 908 2656 posse‘,
927 2559 966 2628 in
987 2559 1124 2632 acutis·

115 2675 220 2746 simis
246 2672 443 2746 doloribus
476 2673 714 2748 manifestum
744 2689 809 2747 est.
837 2679 1124 2773 Quamcumque

116 2793 222 2866 enim
239 2790 280 2861 hi
299 2793 504 2890 corripiant
518 2807 683 2890 partem,
701 2794 883 2864 continuo
895 2793 1033 2864 mutari
1046 2817 1125 2866 res·

116 2906 369 3007 pirationem,
391 2908 573 2982 videmus.
587 2955 590 2963 ¹
604 2913 743 3008 Itaque
761 2911 836 2982 sive
855 2909 961 2980 nervi
989 2910 1056 3006 qui
1077 2909 1125 2982 ad

115 3025 382 3125 respirandum
399 3027 625 3110 inserviunt,
645 3027 720 3097 siv-e
737 3024 791 3096 illi
808 3027 973 3122 quicum
989 3025 1125 3098 bisde-

118 3169 226 3216 mum
239 3159 327 3216 sunt
339 3145 516 3242 colligati,
529 3158 594 3215 aut
603 3143 725 3214 acrius
737 3143 1027 3230 irritentur,aut
1039 3167 1125 3240 pre-

117 3276 288 3349 mantur,
305 3261 563 3348 obstruantur,
581 3262 758 3332 intimeve
773 3271 1054 3357 pervertantur3
1075 3259 1123 3332 ab

119 3379 310 3452 alterutris
325 3380 453 3458 nervis¹
465 3377 750 3476 respirationem
769 3375 853 3447 laedi
871 3399 1001 3474 posse,
1021 3401 1126 3474 pers-

119 3496 278 3592 picuum
302 3511 366 3568 est.
394 3501 438 3568 Et
461 3495 593 3593 primis
617 3493 789 3592 quidem,
814 3508 857 3566 ut
874 3506 1000 3582 vetera
1016 3495 1124 3566 Gale.-

162 3866 208 3944 (1)
228 3867 299 3925 Vid.
312 3867 407 3943 Epist.
424 3865 474 3938 54,
497 3886 529 3924 n.
544 3885 560 3922 a
573 3877 602 3924 et
617 3885 677 3942 seq.

160 3983 203 4062 (a)
223 3987 256 4044 L.
278 4003 309 4058 1,
328 4003 352 4042 s.
370 3984 404 4043 13
413 4025 422 4058 ,
434 3984 467 4042 iu
478 3984 581 4044 Addit.
595 3984 661 4044 obs.
674 4003 691 4043 ι
702 3993 732 4043 et
746 3983 779 4042 in
790 3983 890 4044 schol„
