2750 4658
197 389 268 438 um.
299 389 340 438 11.
369 389 415 436 DE
441 385 580 436 nonius
603 384 796 452 Tuonams,
821 385 932 436 nnlsr.
959 387 1032 436 xvt.
1061 392 1135 468 229

120 508 318 575 coarctari
338 501 413 598 (1),
431 502 547 572 altera
564 525 588 570 a
602 524 742 598 magno
764 499 846 570 viro
865 503 970 597 quasi
986 503 1134 599 objecta

119 621 221 692 ratio
236 633 291 694 est
305 618 434 690 inlata
443 623 650 688 accretione
652 617 880 714 pulmonum
892 642 975 690 cum
982 619 1130 718 pleura,

119 737 367 809 hosdilatato
377 751 619 834 pectorenon
628 759 742 832 posse
753 750 879 807 tamen
892 735 1130 827 descendere,

119 881 245 952 neque
259 853 512 953 diaphragma
522 857 629 949 sequi
635 879 645 940 3
663 852 753 924 hinc
764 855 1032 952 potestaliquis
1045 880 1133 927 con-

120 974 355 1044 ciliationem
386 970 637 1059 comminisci,
661 967 886 1043 affirmando
914 974 1131 1070 respiratio-

119 1115 213 1162 nem
233 1089 315 1160 laedi
333 1088 380 1160 ab
400 1069 616 1161 adhaesione
630 1089 856 1187 pulmonum
868 1092 1132 1166 tantummodo

119 1209 170 1280 ad
189 1220 330 1296 costas,
352 1231 432 1278 non
451 1231 542 1279 vero
566 1205 616 1276 ad
639 1221 759 1279 costas
779 1209 908 1297 simul,
924 1224 961 1281 et
984 1209 1032 1280 ad
1058 1209 1132 1282 dia·

118 1327 330 1425 phragma3
349 1349 451 1414 non,
477 1326 653 1422 inquam,
675 1327 911 1398 comminisci
934 1325 972 1396 id
996 1341 1129 1424 potest.

117 1447 316 1540 Namque,
333 1457 376 1513 ut
391 1443 462 1513 alia
482 1443 673 1534 omittam,
695 1444 734 1514 in
757 1443 882 1540 aliqua
906 1460 1131 1516 memorata-

118 1586 209 1632 rum
233 1558 542 1631 0bservationum
567 1558 710 1647 vidisti,
741 1558 991 1632 cohaesionem
1019 1558 1130 1634 luisse

120 1704 210 1752 cum
235 1679 347 1749 costis
365 1664 562 1765 dumtaxat,
580 1676 692 1746 illaesa
709 1678 982 1774 respiratione:
1005 1681 1066 1750 cui
1083 1681 1131 1751 si-

119 1795 230 1868 miles
256 1794 426 1866 invenies
453 1792 607 1879 multas,
625 1791 796 1890 duasque
815 1796 1019 1891 prasertim
1038 1797 1131 1883 clari

118 1913 259 1984 Hahnii
274 1909 355 2008 (a),
374 1924 411 1982 et
427 1935 510 2007 quae
530 1909 639 1996 olim,
658 1909 827 1982 similiter
843 1936 864 1981 a
878 1911 1130 1984 Piccolhomi-

120 2055 173 2101 no
195 2027 249 2125 (3)
273 2029 312 2099 in
337 2025 509 2098 familiari
534 2049 603 2098 suo
627 2024 756 2098 habita
776 2042 848 2116 est,
858 2026 1054 2125 pulmonis
1073 2043 1129 2098 to-

122 2153 195 2219 tius
210 2150 439 2216 tenacissime
455 2143 740 2214 adhaerescentia
756 2143 919 2241 undique
928 2151 1036 2217 costis
1051 2159 1130 2216 om-

121 2267 252 2352 nibus,
271 2288 354 2334 cum
372 2278 494 2332 tamen
514 2268 551 2332 in
575 2286 618 2332 eo
644 2260 752 2332 nulla
764 2263 903 2353 fuisset
920 2260 1132 2360 respirandi

123 2381 341 2473 dfffacultas.
364 2379 464 2471 Quid
491 2405 581 2479 ergo
608 2380 691 2466 est?
708 2378 807 2451 Illud
829 2395 929 2451 certe
947 2403 968 2450 a
987 2403 1047 2450 me
1064 2404 1130 2450 ne·

122 2500 203 2600 gari
219 2524 299 2570 non
321 2511 444 2597 potest
464 2496 570 2595 quod
591 2497 803 2596 promiscue
825 2499 865 2566 in
884 2495 1129 2569 cadaveribus

121 2618 293 2687 virorum
315 2629 351 2686 et
367 2616 587 2704 mulierum,
606 2615 896 2712 cujusquemodi
914 2613 1051 2688 morbo
1068 2613 1130 2688 ah-

45 2725 47 2732 ’
124 2749 388 2833 sumptorum,
407 2733 634 2806 dissecandis
654 2716 880 2832 plerumque
896 2733 1070 2818 inuenio,
1093 2747 1130 2804 et

124 2851 230 2948 quod
249 2874 381 2922 omues
396 2850 526 2922 vident
542 2847 618 2922 fere
632 2851 858 2950 quotannis,
871 2851 1010 2921 cumin
1026 2847 1130 2919 thea-

125 2981 184 3039 tro
202 2968 345 3039 viscera
365 2966 529 3038 thoracis
551 2968 629 3039 suis
648 2969 688 3036 in
709 2966 862 3039 sedibus
879 2964 1130 3052 ostendimuS,

126 3083 326 3182 pulmones
344 3083 430 3180 plus
444 3085 570 3158 mnus
584 3084 630 3164 ad
649 3083 764 3180 hujus
782 3085 943 3182 parietes
963 3105 1131 3152 annexos

128 3225 224 3288 esse3
243 3214 286 3271 ut
307 3224 394 3271 cum
413 3199 766 3274 Diemerbroeckius
788 3198 843 3296 (h)
866 3199 1074 3298 scripserit,
1091 3197 1131 3270 id

116 3323 202 3412 sere
221 3326 340 3392 tertioe
360 3321 552 3392 hominum
565 3322 677 3415 parti
703 3340 906 3388 commune
923 3339 1023 3400 esse,
1043 3314 1129 3386 Tul·

169 3637 213 3716 (1)
234 3638 302 3695 vid.
316 3639 415 3697 Schol.
432 3637 466 3708 3,
484 3636 523 3693 ad
538 3636 603 3692 obs.
623 3636 659 3693 32
672 3635 705 3693 in
716 3636 818 3696 Addit.

169 3738 212 3816 (a)
233 3741 299 3794 Aet.
312 3739 349 3794 N.
363 3739 398 3794 C.
414 3747 485 3792 tom.
502 3755 535 3808 7,
552 3736 616 3791 obs.
635 3728 681 3793 13.

171 3836 214 3913 (3)
234 3840 267 3894 L.
284 3844 316 3907 4,
333 3841 422 3895 Anat.
439 3838 524 3894 Prael.
535 3837 615 3893 Lect.
632 3835 661 3892 8.

173 3936 215 4014 (l)
236 3937 310 3995 Obs.
324 3945 381 4012 24,
395 3937 445 3995 cit.
464 3937 496 3992 in
510 3934 568 4010 fin,
581 3954 611 3994 n.
630 3932 682 3998 ιδα
