2842 4672
219 508 289 558 nm.
322 509 347 554 1.
376 507 422 552 ur
448 503 583 553 nonus
608 505 761 570 carrrrs,
786 509 897 557 rr1sr.
924 513 1003 560 xnr.
1073 493 1115 566 13

108 626 160 698 do
171 621 474 696 obstructionem
486 643 705 717 agnoscere,
722 621 760 690 in
779 622 822 692 iis
843 641 1000 720 possunt
1014 653 1116 702 cere-

108 742 170 813 bri
190 737 364 826 sedibus,
383 735 484 808 unde
505 737 659 833 spiritus
677 737 717 807 in
744 745 1045 840 nervosopticos
1070 746 1118 819 se-

109 873 261 930 runtur.
286 857 364 926 Nec
392 877 485 937 sane
500 851 640 924 horum
661 879 866 928 nervorum
890 858 1119 934 obstructio-

110 1000 218 1062 nem,
233 973 307 1042 nisi
320 969 415 1042 forte
433 970 638 1059 rarissime,
661 971 808 1044 Platero
824 974 918 1072 ipsi,
937 991 974 1047 et
992 981 1119 1079 Spige·

110 1092 162 1164 lio
175 1105 310 1162 nostro
320 1090 360 1158 in
372 1085 446 1158 hoc
457 1085 547 1157 vitio
560 1089 726 1159 accusari
740 1089 923 1186 placuisse
935 1147 944 1180 ,
955 1119 1000 1165 ex
1011 1097 1119 1168 scho-

111 1209 172 1280 liis
192 1228 399 1304 cognosces
418 1202 464 1275 ad
487 1203 578 1275 duas
595 1204 677 1276 illas'
701 1218 794 1302 quas
818 1209 857 1278 in
874 1211 1120 1308 Sepulchreto

112 1323 233 1396 modo
247 1321 480 1409 indicabam,
498 1319 787 1394 observationes.
807 1325 907 1415 Quin
918 1329 1030 1400 etiam
1042 1329 1121 1404 Pla·

108 1458 242 1516 ‘terum
261 1438 407 1510 videbis
436 1440 641 1511 amaurosis
666 1463 832 1530 causam,
857 1447 1122 1523 convulsiones
1199 1519 1200 1527 ,

115 1584 250 1660 graves
262 1573 299 1630 ct
309 1556 460 1630 crebras
471 1556 575 1629 haud
584 1582 670 1629 raro
686 1565 970 1658 consequentis,
986 1590 1063 1638 non
1074 1570 1123 1640 ab

115 1679 284 1750 humoris
298 1676 448 1772 affluxit
459 1674 675 1761 deduxisse,
690 1692 732 1747 ut
746 1679 807 1749 alii
820 1678 1038 1771 voluerant,
1058 1683 1123 1757 sed

114 1795 164 1868 ab
195 1795 287 1892 ipsis
317 1790 516 1864 oculorum
544 1793 855 1868 convulsionihus
880 1799 1126 1896 repetendam

116 1923 218 2002 esse,
251 1911 444 2000 docuisse,
469 1909 580 1982 simul
604 1912 706 1981 enim
731 1936 818 1983 curn
846 1914 927 1986 aliis
956 1917 1127 2013 partibus

110 2047 214 2103 ‘tunc
227 2027 361 2100 oculos
373 2052 530 2125 quoque
546 2034 786 2125 contorqueri
796 2053 898 2126 saepe
913 2033 1117 2122 etconvellr'
1133 2127 1135 2132 Ι

122 2145 403 2242 admodumque
431 2150 553 2235 exeri,
578 2159 615 2214 et
630 2136 794 2242 'irfiectt',
824 2162 986 2219 attracto
1004 2131 1057 2222 sie
1072 2158 1127 2222 ηἰ-Ι

122 2271 239 2337 mium
257 2279 297 2334 et
314 2278 415 2334 tenso
437 2287 548 2358 nereo
570 2269 695 2359 optico
710 2264 782 2336 tttts
800 2264 964 2354 adnato,
991 2268 1130 2368 illoque

123 2381 237 2454 simul
249 2395 440 2470 contorto,
459 2395 495 2452 et
510 2379 610 2452 loeso.
631 2380 721 2471 Quae
738 2380 911 2454 doctrina
930 2384 1130 2459 confirma·
1160 2471 1162 2475 ¹

122 2503 158 2572 ri
171 2523 283 2599 posse
301 2497 452 2569 videtur
463 2523 531 2596 per
547 2499 656 2569 aliam
672 2523 786 2595 quam
796 2501 911 2598 paulo
922 2519 1007 2600 post
1020 2505 1132 2603 leges,
1186 2542 1188 2547 ·

112 2617 430 2690 'observationem
446 2614 515 2713 (1),
527 2616 567 2686 in
578 2639 651 2713 qua
666 2618 772 2688 nervi
782 2621 892 2689 ambo
905 2626 1021 2716 optici
1029 2674 1039 2711 ,
1056 2647 1133 2694 non

114 2737 309 2807 obstructi
322 2732 388 2806 vel
401 2739 596 2830 angustati
611 2734 754 2805 inventi
771 2728 875 2825 sunt,
900 2737 965 2808 sed
986 2743 1135 2828 intorti,

9 2913 12 2920 .
114 2878 217 2925 ¹cum
237 2852 445 2923 amaurosis
461 2875 487 2920 a
503 2857 668 2946 pueritia
693 2852 901 2941 incidisset,
929 2879 1003 2952 qua
1026 2859 1136 2928 nimi-

130 2996 216 3043 rum
233 2985 338 3041 aetate
358 2965 613 3040 convulsiones
630 2969 735 3064 juxta
757 2970 875 3066 ipsius
900 2972 1138 3073 Hippocratis

132 3087 402 3187 Aphorismum
411 3084 464 3183 (2)
476 3087 636 3158 maxime
647 3088 883 3184 contingunt.
894 3092 1037 3160 Verum
1047 3092 1078 3186 ej
1084 3114 1140 3163 us·

132 3204 284 3278 cernodi
301 3202 612 3302 explicationibus
629 3203 742 3301 quid,
758 3217 795 3275 et
814 3203 985 3300 quando,
998 3222 1035 3278 et
1053 3234 1141 3305 qua-

135 3339 246 3397 tenus
273 3320 521 3394 tribuendum
546 3345 624 3394 esse
651 3320 893 3411 arbitremur,
920 3323 1008 3396 alias
1028 3323 1144 3423 (3l'a

137 3441 247 3514 nobis
266 3456 323 3513 est
345 3439 576 3512 declaratum
597 3467 604 3509 :
627 3438 694 3510 ubi
713 3440 822 3538 plura
843 3464 999 3538 quoque
1023 3441 1147 3516 exemss

135 3559 199 3659 pla
219 3556 517 3658 productasssunt
543 3559 749 3630 amaurosis
770 3584 816 3630 ex
836 3558 1147 3634 convulsionihus

181 3858 227 3938 (1)
249 3857 322 3917 Obs.
336 3857 365 3916 8.

183 3958 228 4037 (a)
250 3956 287 4016 25
308 3960 385 4018 Sect.
405 3955 433 4023 3.

185 4057 231 4137 (3)
251 4057 346 4134 Epist.
360 4059 450 4114 Anat.
472 4055 523 4130 18,
540 4074 570 4112 na
585 4053 602 4113 3
620 4063 649 4112 et
666 4073 729 4132 seq..
