2842 4672
194 489 265 536 ma.
296 488 320 534 1.
350 489 396 534 na
422 484 742 568 uoamscamms,
766 487 878 534 emsa.
906 488 986 538 1111.
1048 476 1095 568 49

82 619 137 676 tae
146 601 359 702 particulis
381 625 494 699 quam
524 605 689 670 manime
717 600 906 673 subsidere
914 623 1095 701 possunt,

86 725 305 813 inferiorern
322 725 451 816 ntique
468 716 729 815 ocnliportem
756 742 854 805 esse;
875 723 983 816 quasi
1004 747 1095 796 vero

87 855 180 911 tunc
199 839 313 910 etiam
332 837 396 908 iris
420 860 499 907 non
517 831 674 910 inferior
697 849 793 906 esset
811 838 969 908 maxima
990 857 1097 937 parte

88 955 265 1027 humoris
279 954 401 1051 aquei,
415 968 457 1023 ut
464 953 503 1024 id
517 976 671 1051 quoque
684 951 779 1024 latus
790 977 935 1028 corneae
945 958 985 1026 in
992 959 1098 1055 quod
1200 989 1208 1007 ·

88 1071 185 1144 sorte
204 1074 305 1144 inter
322 1069 591 1142 dormiendum
607 1084 719 1167 caput
734 1085 872 1168 vergat.
888 1075 1018 1170 Neque
1037 1101 1097 1148 so-

89 1192 167 1263 lum
188 1188 444 1260 dubitationes
468 1189 519 1260 sic
544 1213 623 1258 non
648 1186 853 1276 tolluntur;
879 1214 1010 1264 verum
1037 1192 1096 1268 his

90 1311 248 1408 insuper
260 1306 386 1380 verbis
399 1321 587 1404 augentur
604 1332 612 1376 :
630 1329 681 1390 en
691 1327 814 1402 nqueo
826 1305 983 1378 humore
994 1311 1098 1384 illam
1134 1381 1143 1402 ,

90 1426 287 1500 materiam
295 1427 437 1518 fuisse,
454 1439 559 1494 tanto
577 1428 698 1493 minus
708 1422 858 1509 dubim,
873 1443 1015 1520 quanto
1024 1454 1100 1501 cer-

92 1550 163 1616 tius
179 1558 257 1630 est,
280 1540 435 1612 hurnida
452 1546 618 1638 corporis
638 1545 775 1627 nostri,
788 1550 1000 1638 proesertim
1012 1571 1099 1642 quae

92 1686 168 1732 non
187 1666 366 1732 continno
380 1684 456 1758 per
476 1667 572 1730 vasa
596 1674 809 1746 moventur,
827 1685 1003 1760 persoepe
1021 1671 1098 1736 ois-

94 1790 220 1850 cosam
247 1777 411 1848 indolem
426 1782 628 1873 acquirere.
654 1781 732 1874 Ego
752 1801 844 1847 vero
868 1776 1000 1851 dubito
1019 1785 1099 1880 pri·

93 1922 220 1984 mum,
234 1920 328 1966 num
342 1896 373 1966 is
391 1895 531 1966 humor
542 1918 610 1991 per
623 1894 764 1990 jugiter
777 1893 993 1968 invehentia
1002 1924 1099 1989 vasa,

95 2030 131 2088 et
149 2036 221 2112 per
246 2012 493 2084 creberrimas
519 2009 642 2100 iridis,
669 2010 845 2108 oculique
878 2014 1099 2110 agitationes

94 2158 172 2205 non
189 2146 386 2203 moveatur
403 2145 588 2228 quantum
607 2130 692 2201 satis
708 2131 769 2215 sit,
785 2154 833 2200 ne
850 2131 1032 2204 viscosam
1050 2136 1101 2206 in·
1134 2183 1136 2188 -

96 2251 222 2323 dotem
242 2250 428 2347 acquirat,
450 2247 587 2320 deinde
613 2272 706 2319 num
729 2247 828 2318 hanc
853 2273 1017 2347 persaepe
1039 2277 1101 2324 ac·
1138 2264 1151 2288 ⁸

96 2371 241 2468 quirat,
263 2366 417 2465 quando
443 2381 542 2438 certe
570 2367 720 2437 viscosae
744 2367 848 2437 ineo
874 2365 1101 2444 suffusiones
1128 2355 1132 2362 Ι

95 2511 262 2585 persaepe
282 2509 361 2555 non
381 2485 638 2555 inveniuntur.
660 2484 768 2572 Quin
780 2509 825 2554 ex
840 2487 970 2582 paucis
986 2485 1101 2584 hujus

96 2605 264 2701 generis,
282 2627 375 2700 quas
393 2627 462 2700 ego
476 2600 746 2689 indicaveram,
760 2601 823 2672 illa
839 2627 920 2699 quae
935 2603 1100 2703 Wepferi

96 2737 168 2810 est,
186 2721 235 2792 ab
253 2745 375 2816 aqueo
393 2713 624 2790 existimatur
638 2717 685 2788 ad
700 2717 902 2790 humorem
922 2722 1102 2816 crystalli·

95 2863 188 2908 num
214 2835 502 2909 transferenda:
528 2835 730 2933 quamdam
751 2851 884 2909 auctor
908 2861 1100 2912 mucosam

95 2957 291 3028 materiam
309 2981 389 3026 non
403 2956 500 3024 intra
513 2953 627 3050 hujus
637 2957 804 3025 tunicam
820 2951 930 3028 fuisse
942 2959 1100 3055 scripsit,
1189 2991 1190 2999 ¹

96 3073 160 3146 sed
178 3073 437 3172 crystallinum
453 3074 664 3170 operuisse,
692 3098 762 3144 nec
788 3087 936 3159 tamen,
961 3089 1003 3144 ut
1025 3071 1102 3146 for-

95 3193 211 3278 tuite,
230 3192 389 3288 opinor,
406 3187 585 3278 refertur,
601 3196 847 3261 circumcirca.
865 3191 944 3262 Alia
955 3193 1099 3266 omitto.

97 3309 190 3382 Satis
209 3309 311 3380 enim
323 3307 424 3384 ¹mibi
441 3331 519 3378 esse
539 3307 668 3396 debet,
690 3333 773 3404 quae
788 3322 920 3380 contra
943 3309 1022 3381 sine
1038 3309 1103 3382 ob-

96 3427 322 3497 trectatione
342 3425 441 3498 dicta
464 3421 635 3510 fuerunt,
655 3449 698 3496 ea
715 3449 762 3494 ne
777 3425 861 3521 jure
887 3449 930 3496 ac
955 3429 1101 3501 ratione

98 3541 196 3614 dicta
223 3544 321 3630 sint,
348 3567 417 3641 pro
445 3545 524 3638 veri
545 3542 687 3620 studio,
716 3545 800 3626 sine
827 3542 1101 3622 obtrectatione

96 3659 353 3760 perpendisse.
376 3661 478 3750 Quin
501 3661 612 3731 etiam
638 3659 868 3757 perlibenter
892 3661 1101 3756 confirm,

89 3776 323 3874 opusculum
341 3777 416 3848 hoc
434 3780 533 3850 inter
549 3801 669 3874 pauca
683 3801 761 3848 esse
781 3803 863 3875 quae
881 3779 1013 3870 docte,
1032 3783 1103 3854 dis·

97 3893 259 3982 tribute,
276 3895 473 3992 perspicue
486 3895 533 3966 de
551 3891 755 3966 sufhisione
771 3897 907 3994 scripta
918 3913 1005 3969 sunt
1018 3925 1026 3967 ι
1039 3922 1101 3969 cu·

97 4015 156 4108 jus
169 4011 344 4110 exempla
362 4011 486 4084 morbi
502 4039 584 4112 quae
608 4013 909 4113 apudprobatos
931 4029 1102 4090 auctores

172 4156 205 4202 2·
911 4138 935 4218 li
