2766 4670
427 307 465 328 ,n-

305 401 372 476 128
413 397 424 424 “
468 425 515 471 on
541 417 686 470 snmnus
710 421 754 468 rr
779 417 904 468 causis
928 413 1137 468 nonnosum

300 539 456 612 linteolo
473 538 787 608 immitterentur:
806 559 885 631 quo
906 531 1025 624 fact0,
1043 535 1199 632 sanguis
1215 557 1310 606 con-

298 658 406 728 tinuo
431 654 605 726 substitit.
627 657 740 723 Erant
759 651 816 721 hae
835 650 989 748 quidem
1010 648 1234 722 madefactae
1251 675 1312 721 ur·
1376 655 1379 746 l

299 775 378 846 ticae
387 771 524 866 succo(
539 793 616 866 qno
629 769 758 840 unoin
771 791 880 839 nares
890 782 1047 840 attracto
1056 771 1135 866 ipse
1144 791 1311 866 quoque
1378 753 1380 794 ¹

298 889 488 987 compesci
506 885 697 958 interdum
709 884 876 956 videram
888 884 1234 982 haemorrhagiam)
1248 908 1311 956 eo-

299 1026 375 1104 que·
389 1005 587 1076 commisto
606 1027 692 1075 cum
710 1003 771 1072 ovi
792 1001 1005 1090 albumine,
1025 1017 1061 1075 et
1080 998 1246 1100 fuligine
1263 999 1308 1070 ab
1380 1099 1381 1112 ἵ

299 1124 413 1196 aheni
428 1119 549 1194 fundo
565 1120 706 1208 derasa,
726 1122 818 1191 etin
836 1120 1029 1218 pulverem
1038 1121 1308 1193 tenuissimum

300 1243 473 1312 contrita.
488 1238 561 1310 Sed
576 1253 613 1309 et
620 1239 768 1342 priores
778 1236 849 1308 illae
864 1237 1036 1310 turundae
1049 1237 1307 1310 medicamen·
1380 1300 1381 1319 ,

297 1359 347 1429 tis
363 1357 463 1428 illitae
487 1354 635 1428 fuerant
656 1353 885 1451 glutinandi,
911 1353 1255 1452 adstringendique
1272 1352 1308 1422 ri
1380 1344 1381 1427 l

299 1473 479 1574 praeditis3
496 1497 624 1546 verum
642 1470 692 1542 ob
705 1471 899 1543 mollitiem
912 1471 959 1544 ad
971 1469 1305 1569 comprimendum
1378 1514 1381 1533 1

298 1616 379 1662 non
396 1605 498 1688 aptae.
517 1594 567 1662 Ut
585 1605 628 1661 ut
648 1604 721 1677 est;
740 1604 886 1661 tantum
898 1590 1087 1689 sanguinis
1101 1589 1247 1685 exejus
1257 1588 1305 1658 vi·

297 1708 381 1781 duae
395 1733 486 1780 naso
501 1694 707 1806 prodierat,
723 1723 763 1777 ut
779 1706 964 1779 sexdecim
984 1722 1070 1805 post
1078 1706 1158 1779 dies
1175 1707 1229 1778 ad
1245 1729 1303 1776 me
1380 1729 1381 1745 ¹

297 1826 463 1910 venerit,
482 1825 657 1896 adversus
675 1849 817 1914 novum
826 1824 1002 1896 morbum
1017 1825 1222 1897 consilium
1239 1847 1300 1922 pe·

296 1957 400 2027 tens,
416 1943 557 2016 malum
574 1940 747 2014 videlicet
759 1944 930 2039 corporis
940 1941 1111 2014 habitum
1122 1967 1212 2013 cum
1223 1940 1301 2040 pal-
1380 1945 1381 1955 ’

295 2062 477 2162 pitatione
499 2059 646 2146 cordis,
665 2075 701 2130 et
727 2059 894 2157 spirandi
912 2058 1151 2146 difficultate,
1172 2076 1299 2132 ut‘sae·

295 2180 381 2278 pius
409 2179 522 2266 solet,
543 2171 807 2275 conjunctum.
841 2177 1023 2250 Narrabat
1050 2178 1182 2266 simul,
1215 2199 1297 2250 cum

298 2297 449 2393 sanguis
462 2295 650 2383 subsistit,
664 2296 888 2366 anxietatem
904 2295 1104 2392 quamdam
1123 2299 1298 2381 sensisse,
1379 2327 1381 2380 ,

295 2427 378 2509 quat
392 2410 635 2509 postmodum
655 2427 879 2492 evanuerat:
898 2429 985 2510 post
1006 2412 1150 2510 aliquot
1170 2429 1297 2485 autem
1378 2395 1379 2403 ἵ

241 2567 244 2572 Α
295 2529 375 2600 dics
391 2543 625 2600 menstruum
642 2528 1295 2628 sanguinemeffluxisse,paueiorem
1378 2563 1380 2614 μ

295 2670 384 2720 sane
405 2669 518 2743 quam
532 2644 690 2737 soleret,
704 2648 927 2745 ac'nigrum:
946 2663 1002 2736 et,
1022 2649 1127 2745 quod
1136 2649 1294 2718 minime
1378 2645 1381 2700 ἓ

275 2763 496 2862 displicuit,
516 2787 554 2836 se
567 2765 766 2861 plurimam
781 2766 930 2838 urinam
942 2789 1154 2838 excernere.
1166 2769 1294 2862 Itaque
1378 2783 1380 2812 Α

295 2895 381 2954 ‘cum
414 2905 500 2979 spe,
516 2906 607 2982 non
635 2880 743 2968 falsa,
767 2884 932 2979 pristinae
955 2884 1123 2955 sanitatis
1141 2882 1293 2966 dimisi,

294 2998 410 3070 modo
440 3023 520 3068 eam
546 3024 658 3096 quam
686 2998 910 3087 suadebam,
938 2979 1093 3073 vivendi
1119 3021 1291 3070 normam

296 3103 478 3202 servaret,
497 3141 561 3193 ac·
575 3115 786 3210 nonnullis,
806 3141 887 3213 quae
912 3115 1095 3204 indicavi,
1118 3115 1294 3190 remediis

293 3249 482 3320 uteretur,
501 3231 608 3324 facile
626 3232 865 3332 parabilibus.
883 3235 956 3306 Sed
971 3235 1062 3306 illuc
1074 3249 1115 3304 ut
1127 3233 1291 3317 redeam3

293 3375 379 3421 cum
404 3352 554 3422 vaseula
578 3353 800 3448 sanguinem
816 3348 1013 3424 fundentia
1040 3375 1119 3422 non
1143 3369 1292 3448 semper¹

290 3468 368 3538 sint
380 3469 417 3536 in
431 3469 476 3540 iis
493 3469 574 3538 nasi
590 3467 754 3559 sedibus,
764 3493 847 3565 quae
863 3468 1038 3542 turundis
1052 3467 1181 3542 inditis
1193 3490 1291 3540 com·

291 3587 404 3684 primi
422 3588 588 3684 possint,
603 3603 685 3676 aut,
708 3587 812 3685 quod
827 3589 965 3660 certius
977 3601 1092 3673 esset,
1107 3584 1288 3684 siquando

290 3705 330 3774 in
353 3729 395 3775 ea
411 3719 516 3802 parte
536 3707 631 3801 septi
655 3722 778 3777 essent
797 3731 880 3802 quae
901 3707 941 3775 in
962 3719 1209 3802 conspectum
1234 3727 1289 3772 ve·

289 3822 410 3910 niret,
430 3822 681 3895 instrumento
690 3848 769 3895 non
779 3822 887 3897 valde
896 3823 997 3898 illius
1006 3822 1178 3896 dissimili
1190 3815 1289 3922 quod
1380 3838 1381 3889 t
