2820 4662
165 547 233 594 ua.
262 545 301 593 11.
318 533 376 591 'nn
402 543 537 591 nonus
563 543 754 609 ruoaacrs,
778 543 889 593 arrsr.
916 547 989 594 xrx.
1017 521 1088 622 475
1174 575 1177 584 .

89 667 190 732 uenis
207 659 446 760 apoplecticis
471 657 550 755 (sic
572 656 673 729 enim
698 636 882 731 carotidas
906 659 1090 733 vocabant

88 775 252 872 Arabes)
269 777 392 874 ligatis
398 829 409 863 ‚
428 774 660 874 deperditur,
673 775 816 872 inquit,
832 783 958 847 statim
969 792 1091 850 motus

88 911 279 968 etsensus:
293 917 461 992 quocum
471 890 601 964 fecisse
613 891 763 964 videtur
772 895 928 966 Carolus
940 894 1092 992 Stepha-

87 1012 280 1109 nus(1),et
295 1037 339 1082 ex
349 1009 622 1084 recentioribus
635 1012 807 1109 Baglivus
820 1035 865 1083 eo
876 1012 961 1084 loco
974 1036 1091 1111 quern

88 1131 178 1218 alias
192 1129 244 1226 (a)
258 1129 494 1227 protulimus.
516 1131 569 1198 Ex
591 1127 635 1198 iis
656 1143 780 1201 autem
799 1131 864 1227 qui
879 1129 1093 1227 periculum
1182 1175 1184 1180 -

88 1245 274 1333 fecerunt,
292 1245 437 1317 laudari
449 1243 560 1316 v'ideo
578 1245 875 1318 Drelinourtium
889 1245 963 1346 (3),
985 1247 1093 1342 cujus

88 1364 388 1464 experimentum
399 1363 467 1435 etsi
476 1387 594 1434 unum
605 1413 614 1451 ‚
624 1361 805 1461 brevique
820 1377 990 1462 tempore
1005 1388 1094 1461 pro·
1122 1454 1126 1461 Ι

89 1496 250 1554 tractum
269 1494 343 1568 est;
363 1494 489 1552 tamen
515 1479 602 1551 satis
620 1479 765 1550 Galeno
785 1479 1012 1554 adversatur.
1034 1482 1093 1552 Sic

90 1600 192 1672 enim
206 1595 321 1669 habet
333 1622 341 1665 ε
354 1596 513 1667 Arteriis
526 1600 695 1668 coroticis
711 1600 924 1684 constrictis,
937 1597 1095 1668 necdum

89 1715 258 1804 reclusis,
272 1711 519 1813 penduloque
537 1710 690 1782 molossi
713 1717 836 1808 cupite
858 1727 968 1782 extra
993 1739 1093 1796 meu·

88 1860 186 1924 sam,
202 1847 376 1903 veternus
394 1829 499 1900 illum
524 1834 706 1928 oppressit
711 1855 725 1914 ,·
752 1843 795 1898 ut
813 1843 934 1900 erecto
954 1833 1092 1926 cupite,

89 1956 314 2046 sinistraque
329 1962 462 2046 opertu
481 1945 667 2034 eurotide,
691 1943 873 2016 molossus
889 1970 930 2015 se
949 1969 988 2016 se
1006 1968 1095 2015 con-

91 2073 206 2138 cussit
222 2081 259 2136 et
273 2067 487 2160 exagitavit.
502 2065 632 2160 Neque
650 2084 806 2160 prorsus
822 2061 1007 2134 silendum
1023 2075 1097 2149 est,

91 2183 455 2281 experientissimum
481 2180 603 2250 virum
628 2182 845 2251 Lamurium
871 2177 943 2277 (4);
976 2203 1097 2278 quan·-

90 2323 210 2396 quam
227 2323 306 2370 non
322 2323 366 2370 ex
383 2297 578 2396 proposito
589 2296 628 2368 id
645 2296 851 2394 quaerebat,
869 2310 905 2369 et
921 2296 1097 2394 perbrevi

90 2430 265 2513 tempore
282 2413 492 2514 spectabat,
516 2437 602 2486 cum
626 2413 843 2488 earumdem
876 2415 1097 2487 arteriarum

91 2548 251 2604 truncos
266 2531 422 2604 robusto
433 2532 517 2620 cani
529 2531 728 2630 obligasset
740 2585 750 2620 ,
761 2531 912 2608 buncin
922 2555 1098 2631 soporem

93 2649 281 2722 incidisse.

148 2764 204 2838 25.
228 2770 331 2837 Inter
350 2767 605 2864 experimenta
624 2763 719 2838 adeo
746 2766 1017 2865 discrepantia,
1039 2789 1098 2836 ac·

96 2885 180 2983 cipe
207 2908 289 2981 quae
315 2883 502 2973 Valsalva‚
528 2884 566 2954 id
598 2909 740 2972 unum,
765 2899 801 2956 et
829 2909 874 2954 ex
901 2885 1098 2982 proposito

97 3025 289 3100 quaerens,
304 3024 383 3069 non
400 2999 532 3088 semel,
552 3000 617 3071 sed
629 3014 687 3070 ter
700 2999 881 3089 instituit,
895 3025 965 3072 nee
980 2998 1098 3088 brevi,

97 3118 165 3192 sed
179 3119 343 3216 longiori
356 3140 470 3214 quam
484 3117 606 3215 quivis
621 3116 736 3206 alius,
743 3115 847 3214 quod
861 3118 992 3205 sciam,
1005 3131 1101 3188 tenr-

99 3237 204 3336 poris
223 3236 343 3336 spatio
364 3236 564 3331 protraxit,
579 3233 796 3306 adnotando
814 3247 894 3304 tum
913 3235 953 3304 in
971 3234 1100 3304 viven-

97 3355 200 3428 tibus
216 3353 391 3442 canibus,
406 3363 487 3424 tum
503 3351 640 3424 deinde
649 3353 760 3424 etiam
769 3353 807 3422 in
818 3351 987 3441 mortuis,
996 3349 1102 3449 quod

97 3471 144 3544 ab
158 3457 310 3544 nemine
326 3472 393 3568 qui
417 3468 456 3541 id
475 3495 594 3542 unum
608 3473 909 3569 experimentum
929 3494 1099 3569 suscepe-

201 3795 245 3849 De
260 3792 377 3850 dissect.
388 3801 466 3867 part.
484 3757 565 3864 cbrp.
582 3788 664 3844 hum.
677 3791 702 3845 l.
718 3809 750 3861 1,
763 3809 788 3846 c.
803 3787 851 3846 88.

203 3892 296 3965 Epist.
311 3902 390 3948 anat.
409 3890 459 3962 13,
473 3908 504 3945 n.
517 3889 566 3945 30.

201 3991 349 4065 Experim.
363 4001 447 4047 anat.
461 3987 589 4046 canicid.
606 4007 636 4058 1,
651 4007 681 4042 n.
702 4006 748 4042 ιο.
