2832 4662
190 468 192 472 s
261 397 334 473 536
426 417 474 468 oc
499 417 713 468 snumosnr
738 415 860 468 causis
886 417 1097 470 nonnonntt

281 589 283 596 ,
310 539 421 608 Nunc
453 533 604 605 tandem
635 533 682 603 ad
712 533 870 604 alterum
902 559 1032 632 genus·
1050 535 1271 610 suffocatio-

230 693 232 699 ·
253 675 357 726 'num
376 651 448 748 (1),
473 649 577 748 quod
602 649 778 721 videlicet
798 650 846 722 ab
864 635 1028 725 internis
1048 655 1181 726 causis-
1194 672 1268 744 est,

262 784 520 857 transeuntes,
535 793 580 840 eo
595 767 787 840 breviores
800 769 839 840 in
858 768 1111 861 nocerinus,
1129 797 1207 868 quo
1225 773 1267 844 in

263 889 389 988 primo
407 884 546 957 fuimus
566 885 802 983 prolixiores.

313 1012 371 1102 49.
383 1007 502 1091 Anus,
522 1004 582 1074 cui
592 1025 741 1091 cancer,
757 1003 906 1076 sinistro
919 1002 1113 1075 labrorum
1127 1004 1267 1102 angulo

264 1123 482 1219 absumpt0,
500 1119 588 1191 inde
610 1115 767 1192 ulterius
788 1122 827 1190 in
847 1145 889 1192 os
904 1120 972 1192 sub
992 1122 1122 1218 lingua
1140 1146 1265 1221 serpe-

260 1241 343 1329 bat,
364 1263 450 1310 cum
466 1235 629 1308 thoracis
644 1235 904 1309 affectionibus
920 1263 1012 1336 quas
1032 1239 1265 1310 catharrales

263 1359 344 1454 ipsa
355 1354 522 1442 dicebat,
537 1352 700 1424 obnoxia
717 1371 830 1445 esset,
843 1353 1021 1427 suffocata
1035 1372 1263 1428 mortuaest.

262 1471 431 1544 Cadaver
449 1493 534 1542 cum
554 1470 782 1560 inciderem,
803 1473 1015 1570 laryngem,
1034 1488 1070 1544 et
1089 1475 1266 1545 viciniam

263 1591 445 1689 integras,
456 1603 493 1660 et
506 1589 750 1686 purulentum
764 1605 889 1662 tamen
908 1591 1075 1661 ichorem
1088 1589 1161 1662 sub
1172 1593 1266 1688 glot·

263 1707 358 1794 tide,
386 1708 479 1778 etin
499 1707 669 1804 proxima
692 1731 822 1804 aspera
849 1708 982 1778 arteria
1003 1707 1265 1804 deprehendi:

264 1825 515 1922 eumdemque
529 1825 628 1895 intra
641 1847 824 1898 summam
841 1840 985 1922 partem
1005 1824 1145 1896 sinistri
1157 1849 1266 1922 supe·

263 1945 375 2014 rioris
393 1944 620 2040 pulmonum
636 1941 735 2030 lobi,
753 1957 790 2013 et
809 1941 899 2014 alibi.
914 1943 954 2012 in
973 1944 1071 2039 ipsis.
1092 1942 1189 2014 Lobi
1204 1967 1265 2012 au-

263 2075 341 2132 tem
359 2059 554 2132 inferiores
569 2057 813 2131 vehementer
829 2057 945 2130 inflati
957 2075 1072 2130 erant.
1088 2059 1265 2130 Ubicum-

264 2201 339 2275 que
353 2178 553 2275 pulmones
570 2199 753 2265 secarem,
775 2177 924 2248 cinereo
948 2176 1074 2247 colore
1096 2178 1265 2248 invenie-

263 2295 374 2384 bam,
393 2319 505 2392 quem
522 2295 635 2393 nigrae
652 2295 775 2384 lineae,
796 2309 833 2365 et
850 2294 1072 2382 ramusculi,
1093 2293 1263 2365 vasculo·

262 2437 350 2484 rum
361 2412 535 2484 videlicet
543 2413 583 2482 in
595 2407 736 2508 'quibus-
743 2411 935 2510 stagnabat
945 2412 1109 2508 sanguis,
1126 2412 1262 2509 passim

266 2529 554 2626 distinguebant.
576 2534 651 2600 Cor
675 2553 828 2627 quoque
849 2531 958 2628 nigro
987 2531 1167 2627 sanguine
1183 2529 1263 2626 ple-

263 2668 357 2716 num
367 2669 474 2731 ‚non
488 2645 643 2715 omnino
657 2647 722 2718 illo
736 2647 889 2744 quidem
907 2661 1084 2718 concreto
1097 2661 1108 2734 ,'
1123 2671 1193 2728 noc
1210 2661 1263 2717 ta·

265 2785 354 2832 men
373 2762 451 2832 sine
461 2762 651 2860 polyposis
662 2763 984 2858 concretionibus,
998 2787 1160 2860 quarum
1170 2788 1260 2849 una,

170 2955 171 2958 Ἴ
265 2872 521 2977 lormassatque
548 2879 720 2952 albedine
745 2880 931 2952 lumbrico
950 2881 1094 2967 similis,
1118 2882 1158 2949 in
1177 2881 1259 2978 pul-

262 3020 418 3072 monore
434 2997 735 3094 raspertinebat
747 2997 865 3069 Valde
880 2999 1105 3070 etiamerant
1116 2999 1261 3094 sangui-

263 3140 312 3185 ne
325 3114 491 3192 distentae
500 3117 701 3186 coronariae
712 3138 835 3202 venae,
853 3129 889 3185 et
902 3114 1093 3211 jugulares
1108 3137 1256 3201 omnes,

262 3231 474 3330 harumque
492 3256 560 3330 per
580 3233 718 3303 collum
736 3233 838 3301 rami.
860 3235 1001 3327 Magnae
1021 3245 1146 3301 autern
1162 3245 1259 3310 arte·

262 3349 325 3419 riae
334 3351 519 3420 valvulam
529 3373 644 3420 unam
660 3341 1064 3420 ossescente'minveni:
1081 3347 1258 3444 idemque

263 3464 404 3538 crebris
415 3466 454 3534 in
470 3466 562 3538 locis
575 3467 911 3563 vitinm'conspexi
924 3466 963 3534 in
979 3462 1071 3536 facie
1088 3463 1255 3560 ejusdem

262 3581 591 3656 arteriae-interiore
606 3583 652 3656 ad
667 3584 792 3656 iliacas
807 3607 938 3680 usque.

257 3797 1255 3830 mmm-⁸²¹⁸·-

298 3952 342 4031 (t)
362 3957 474 4034 Supra,
485 3972 517 4013 n.
530 3975 558 4016 a.
