2820 4662
288 489 361 604 dyo
460 529 507 574 nr
534 497 680 574 sumnus
705 520 749 572 nr
775 525 899 575 csus1s
923 489 1133 576 moerorum

287 642 452 718 bendum
477 664 620 712 noxam
649 639 754 712 ilium
780 659 1022 733 censuerant,
1049 667 1298 742 soporemque

288 760 546 862 uppellamnt,
560 783 637 830 non
649 775 764 846 recte,
784 759 1153 852 m'sivelintfortusse
1163 763 1294 833 obmu-

287 883 502 951 tescentiem
516 894 688 976 soporem
703 883 1023 966 nominare;,narn
1037 895 1175 977 praeter
1191 881 1293 951 vocis
1362 893 1363 896 ’

287 995 492 1068 ‘editionem
518 994 624 1067 nulla
644 993 724 1066 alia
739 999 890 1087 functio
910 1021 1030 1094 neque
1056 1011 1142 1068 tunc
1170 997 1291 1085 illice,

288 1139 407 1212 neque
416 1129 510 1214 post
523 1111 717 1212 aliquanto
741 1137 883 1186 nouam
897 1113 1066 1212 aliquam
1083 1116 1294 1203 contrahit,

287 1239 332 1300 'ut
351 1253 462 1327 supra
479 1228 641 1319 dixerat,
655 1235 689 1300 s'i
699 1235 801 1300 nervi
808 1236 874 1328 qui
884 1235 1032 1301 arteriis
1042 1237 1190 1302 annexi·
1198 1247 1292 1319 sunt,

288 1323 672 1444 eiiampraesccentur.
693 1347 765 1432 Sed
783 1362 826 1419 tu
846 1350 988 1420 interea
1007 1373 1080 1446 qua
1100 1349 1142 1418 in
1158 1373 1203 1420 re
1224 1347 1294 1422 dis-

290 1479 420 1561 ·erepet
436 1462 482 1534 ab
501 1461 685 1554 Ruffo,'et
703 1465 750 1536 ab
768 1467 812 1537 iis
831 1470 898 1564 qui
914 1464 1029 1564 hujus
1048 1466 1186 1538 saeculo
1200 1469 1295 1539 vive·

240 1585 243 1594 '
288 1577 543 1654 bantmedicis
553 1605 595 1652 ac
609 1581 860 1684 Phflosophis,
871 1583 1171 1682 praeclarevides.
1183 1585 1296 1657 Vides

289 1700 449 1799 puriter,
472 1713 657 1797 quatenus
674 1702 892 1790 conveniet,
912 1716 1073 1773 autnon
1094 1703 1295 1774 conveniat

289 1842 377 1888 eum
397 1817 443 1889 iis
459 1817 526 1914 qui
542 1831 671 1916 postea
696 1815 771 1890 hoe
790 1817 890 1890 idern
908 1819 1212 1916 experimentum
1234 1821 1293 1891 itc-

185 1927 186 1932 ’
288 1951 439 2024 rerunt,
459 1957 624 2034 quorum
644 1934 812 2032 quidem,
833 1935 1057 2008 etValsalvae
1069 1938 1294 2035 praesertim,

291 2053 570 2127 observationes
591 2076 677 2126 cum
694 2051 774 2162 fuse
791 2053 880 2126 alias
895 2052 949 2151 (1)
967 2056 1296 2152 proposuerimus,

290 2175 366 2246 sive
387 2171 491 2270 quod
509 2171 556 2244 ad
576 2195 712 2244 nervos
730 2172 861 2243 attinet
879 2171 1108 2245 carotidibus
1124 2174 1295 2272 proxime

186 2339 188 2344 <
290 2291 429 2363 adsitos
448 2291 528 2362 sine
546 2289 605 2361 his
620 2289 770 2388 ligatos,
788 2303 851 2360 aut
871 2269 1108 2378 sectosssive
1128 2290 1235 2388 quod
1250 2287 1292 2360 ad
1403 2281 1404 2306 ³

293 2407 447 2480 eosdem
473 2407 583 2478 simul
612 2429 699 2479 cum
721 2405 780 2478 his
802 2408 947 2495 arteriis
974 2410 1200 2480 constrictos
1223 2407 1294 2508 (2);

290 2547 372 2597 non
390 2540 444 2596 est
462 2549 549 2613 saue
563 2547 631 2595 cur
646 2523 705 2596 his
717 2539 940 2622 repetamus.
954 2527 1031 2598 Nec
1045 2527 1136 2624 quia
1151 2539 1240 2626 post
1254 2527 1292 2595 il·

293 2641 349 2711 las
368 2635 485 2710 editas
502 2639 799 2730 observationes,
819 2639 864 2712 cl.
880 2641 1095 2714 Abrahamo
1110 2645 1225 2716 Ensio
1245 2641 1293 2740 (3)

291 2756 446 2845 eccidit,
457 2770 499 2827 ut
512 2757 552 2827 in
566 2757 717 2854 juniore
732 2758 875 2849 catulo,
892 2761 936 2833 iis
948 2749 1067 2860 ligatis
1081 2763 1208 2834 nervis
1219 2784 1295 2860 ,pe

292 2881 368 2946 'rire
381 2888 565 2964 momento
581 2899 726 2947 sensum
745 2876 909 2966 videret;
927 2879 1071 2950 idcirco
1088 2880 1292 2977 plurimum

292 2993 423 3064 'ruirari
442 3006 610 3090 oportet,
635 2993 790 3092 quondo
809 3009 845 3067 et
868 2995 948 3067 aliis
966 2995 1160 3068 interdum
1180 2996 1294 3069 eonti-

291 3109 361 3209 git,
381 3101 632 3210 quoecumque'
651 3111 730 3207 ejus
747 3115 801 3183 rei
831 3114 941 3186 causa
958 3111 1088 3205 fuerit,
1116 3129 1159 3186 ut
1179 3114 1293 3199 idem,

292 3230 371 3299 imo
391 3226 710 3325 quemadmodum
727 3223 780 3300 ihi
790 3228 843 3328 (4)
857 3230 1069 3318 retulimus,
1084 3231 1189 3304 illico
1203 3255 1296 3302 mor·

291 3361 369 3417 tem
386 3345 474 3418 inde
492 3362 654 3419 secutam
672 3350 936 3446 conspicerent
953 3377 961 3420 ε
981 3349 1045 3422 sed
1062 3349 1170 3448 quod
1187 3351 1294 3446 longe

295 3463 449 3559 saepius,
466 3478 579 3562 atque
594 3465 688 3537 adeo
705 3463 782 3538 fere
800 3491 949 3565 semper
966 3467 1211 3540 observatum
1232 3469 1293 3552 sit,

396 3789 490 3864 Epist.
504 3799 582 3846 anat.
600 3789 653 3863 13,
667 3810 698 3848 n.
714 3808 749 3864 ²7
764 3801 867 3868 etseq.
884 3811 951 3868 usq.
965 3793 1004 3851 ad
1018 3800 1065 3860 to.

397 3887 475 3944 lbid.
490 3908 520 3944 n.
534 3889 572 3945 30
585 3901 614 3946 et
628 3890 675 3948 31.

348 3787 376 3864 ι)

346 3887 377 3963 2)
1044 3942 1048 3950 .

346 3985 376 4060 3)
396 3987 474 4044 Dies.
490 3989 526 4047 de
538 4008 627 4052 eausa
639 3990 718 4054 vices
732 3991 815 4052 cord.
830 3987 923 4060 ultera
936 3991 1064 4070 produc.
1079 4010 1110 4046 n.
1125 3997 1156 4058 4.

347 4083 378 4160 t)
397 4087 435 4142 N.
453 4087 501 4143 30.

332 3785 344 3863 (

331 3887 344 3963 (

318 3984 344 4060 ’ί

333 4082 345 4158 (
