2766 4670
254 437 516 489 mosomensem
541 431 765 486 cassaneam
791 435 975 487 rmsrom.
1058 411 1127 486 165

116 559 298 642 rentium,
322 560 506 626 loannem
525 552 736 624 Biolanum.
758 551 833 624 Sed
847 576 933 648 quoe
949 557 1069 650 regia,
1087 567 1134 622 ut

118 674 312 754 brevitatis
335 695 448 743 eausa
467 670 651 769 quasdam
666 669 763 740 alias
777 650 1068 767 praetereamus,
1088 682 1127 741 in

116 789 194 858 hoc
212 813 363 886 quoque
378 787 493 859 studii
501 812 636 883 genere
654 811 802 882 magnae
817 802 870 858 est
890 805 1025 860 vestrm
1043 794 1127 859 Bri-

119 891 271 978 tannia
282 903 574 1003 anteponenda?
588 909 626 972 in
643 928 720 1001 qun
734 905 921 1003 quidquid
936 907 1059 978 excoli
1071 913 1126 976 in·

118 1028 230 1120 cipit,
254 1027 388 1094 mirum
408 1035 463 1092 est
485 1046 597 1118 quam
613 1021 706 1107 eito3
734 1036 771 1090 et
786 1038 1018 1122 quantopere
1028 1049 1126 1122 pro·

118 1155 329 1212 moveatur.
344 1144 412 1210 Vir
419 1138 722 1235 incomparabilis
734 1143 918 1212 Haraeius
927 1137 1034 1212 suam
1042 1167 1129 1213 ana-

117 1257 301 1341 tomam,
314 1270 356 1328 ut
370 1257 550 1344 vocabat,
568 1255 764 1345 medicam,
782 1284 896 1356 quam
913 1259 1037 1330 multis
1053 1259 1127 1330 di's·

116 1375 345 1446 sectionibus
378 1373 633 1445 morbidarum
660 1399 858 1472 corporum
889 1375 1056 1462 deberet,
1073 1391 1130 1446 'et

117 1515 239 1588 quam
249 1490 1125 1591 medisinoeprofuturamcenseret,neminiigna·

120 1623 204 1678 tum
218 1631 297 1677 esse
305 1621 438 1705 potest
452 1613 519 1705 qui
531 1605 597 1678 vel
617 1614 760 1680 initium
776 1611 1034 1682 tantummodo
1055 1617 1126 1682 ins·

114 1730 272 1823 pexerit
293 1725 465 1798 secundae
489 1728 567 1822 ejus
595 1725 643 1814 de
666 1727 909 1798 circulatione
934 1729 1126 1825 sanguinis

121 1847 414 1914 eaercitatiom’s.
447 1846 570 1935 Quam
588 1847 734 1914 utinam
759 1851 1008 1928 anatomiam,
1034 1851 1130 1914 sicut

122 1959 292 2031 habebat
309 1965 345 2030 in
363 1965 508 2047 anima,
530 1959 706 2032 edidisset
712 1988 726 2047 ,·
751 1975 846 2030 certe
868 1967 948 2058 ipso
973 1960 1127 2056 dignam

110 2077 430 2168 futurumfitisse,
444 2101 531 2174 qua
537 2080 617 2172 ejus
630 2076 794 2174 vulgatis
805 2082 949 2176 sen'pcis
960 2080 1125 2173 interjec-

125 2211 176 2268 toe
198 2209 286 2266 sunt
308 2199 596 2284 observationes,
625 2196 681 2267 a'd
709 2196 751 2267 id
773 2222 889 2293 genus
914 2202 1124 2282 attinentes,

114 2311 308 2409 praeclare
331 2313 538 2384 ostendunt.
567 2312 846 2412 ostenduntque
861 2319 1011 2412 pariter
1032 2337 1130 2409 quas

123 2436 201 2502 suis
225 2436 382 2527 quisque
404 2429 505 2502 libris
526 2433 787 2528 snteq‘eaerunt
805 2446 1031 2529 praestantes
1053 2433 1130 2501 viri

124 2547 368 2646 Highmorus,
386 2547 630 2636 Warthonus‚
647 2548 859 2636 Glissonius,
876 2553 1129 2646 imprimisque

128 2665 319 2752 Willisius,
338 2689 452 2761 quam
471 2664 625 2738 libenter
632 2667 705 2736 itae
716 2691 863 2766 quoque
876 2675 914 2740 in
920 2684 1034 2767 parte
1048 2673 1125 2738 imi·

126 2789 198 2854 tati
208 2787 286 2854 sint
302 2786 456 2854 Haroeii
474 2780 651 2852 laborem.
675 2785 813 2854 Omitto
830 2783 945 2868 alios,
970 2799 1007 2854 et
1020 2808 1124 2881 pras·

125 2906 251 2972 sertim
267 2905 335 2997 qui
342 2913 438 2996 post
457 2896 541 2969 illos
555 2903 806 2996 scripserunt:
824 2924 917 2996 quos
935 2906 1031 2969 inter
1044 2899 1128 2970 lau·

127 3018 222 3088 dare
236 3039 388 3114 possem
413 3015 669 3115 quamplures,
698 3022 735 3086 in
765 3016 893 3114 hisque
914 3021 1128 3104 Lowerum,

129 3140 363 3234 Comperum‚
380 3149 417 3205 et
431 3141 497 3231 qui
506 3159 564 3206 me
577 3150 614 3205 et
628 3135 837 3219 honestare,
849 3147 885 3204 et
901 3133 1044 3204 donare
1053 3139 1127 3204 suis

125 3251 709 3350 scriptisvolueruntMeadium,
732 3250 1018 3337 Cochburnium,
1038 3256 1128 3320 Rut-

128 3378 229 3442 tium.
246 3372 310 3441 Ab
329 3395 373 3440 eo
395 3377 493 3441 enirn
510 3376 741 3469 tempore'ea
757 3393 829 3466 quo
851 3375 954 3466 regia
979 3376 1051 3439 ista
1066 3393 1125 3438 so-

127 3495 259 3574 cietas,
277 3487 456 3583 aliaeque,
475 3486 553 3578 ejas
565 3490 729 3556 maxime
739 3483 911 3582 exemplo
917 3500 1106 3583 permotae
1115 3536 1125 3569 ,

127 3633 194 3678 sua
213 3612 252 3675 in
263 3604 463 3701 publicum
474 3605 638 3671 emittere
645 3616 743 3688 acta,
762 3617 1011 3700 exemptaque
1028 3605 1131 3670 insti·
1172 3631 1180 3646 ·

129 3705 297 3808 luerunt,
327 3727 508 3792 neminem
530 3718 810 3817 propemodum
844 3720 959 3790 latere
984 3733 1128 3817 potest,

130 3855 275 3938 quanta
294 3863 385 3910 cura
402 3837 687 3935 mediciquique
696 3843 898 3936 praecipui,
918 3851 955 3906 et
969 3834 1138 3928 chirurgi.
1229 3835 1230 3838 ’

131 3981 212 4029 eum
219 3956 322 4044 Itali,
340 3961 532 4043 Germani,
552 3951 654 4028 Galli
659 4009 668 4045 ‚
679 3970 758 4028 turn
768 3959 911 4052 egregie
921 3953 1041 4021 meriti
1047 3973 1131 4020 ves·
