2820 4662
253 461 326 547 lul,
417 475 464 526 nn
481 473 637 526 ‚scurrus
660 475 706 524 nr
731 473 856 526 crusis
880 466 1091 529 nonnosum

252 609 294 669 tu
311 595 471 694 praevio,
488 607 529 664 ut
551 591 591 662 in
606 592 763 688 juvene,
783 589 924 689 dequo
940 593 985 664 cl.
1007 592 1167 668 Fackius
1185 595 1263 694 (ι),

253 714 395 786 arteriae
411 710 578 783 dilatatio
596 725 721 782 ortum
734 733 755 782 a
769 713 957 809 sanguine·
966 713 1122 797 acriori,
1140 713 1265 788 inere-

254 847 425 905 mentum
447 827 633 900 autemab
652 828 789 918 nimio,
812 830 851 900 in
870 829 956 901 lusu
977 830 1077 928 pilae,
1092 829 1267 902 brachio-

253 975 340 1024 rum
359 964 396 1020 et
418 948 589 1045 corporis
611 961 719 1018 motu
738 947 915 1044 cepisset,
933 948 1120 1022 clavicula
1138 951 1262 1047 proxi-

254 1093 327 1142 mae·
352 1066 474 1138 labem
502 1061 673 1136 afferens.
705 1067 761 1136 Tu
784 1085 874 1136 vero
898 1091 1013 1162 quam
1037 1069 1076 1138 in
1095 1069 1212 1140 costis
1230 1081 1266 1140 et

256 1185 435 1260 clavicula
460 1183 621 1270 cariem,
652 1182 1034 1284 absumptionemque
1065 1185 1264 1285 conspexi-

254 1329 359 1392 mus,
376 1303 826 1410 repetes,ulmalueris,a
844 1303 1013 1401 contigui
1026 1327 1265 1400 ancurysma·

257 1425 305 1496 tis
330 1437 395 1494 aut
423 1418 654 1518 pulsatione,
674 1435 738 1491 aut
762 1419 944 1492 erodente
966 1420 1118 1510 ichore;
1146 1445 1266 1519 quan-

259 1563 370 1640 quam
390 1557 425 1611 et
443 1539 606 1637 pulsatio
619 1537 683 1610 ubi
697 1563 775 1610 non
795 1542 874 1610 sine
891 1539 989 1610 carie
1001 1555 1174 1624 excavat,
1190 1565 1265 1611 non

258 1660 421 1760 agitsine
434 1656 619 1753 ejusmodi
632 1655 773 1728 ichore.
786 1656 943 1730 Vascula
961 1658 1060 1730 enim
1079 1657 1263 1756 periostii,

257 1793 297 1854 et
310 1775 588 1880 periclioudrii,
610 1788 646 1846 et
667 1799 915 1874 quaecumque
933 1775 1022 1864 alia,
1045 1791 1087 1848 ut
1111 1790 1205 1875 puta
1221 1789 1267 1848 at·

257 1911 371 1970 tousae
386 1895 445 1966 his
459 1894 617 1994 pleurae,
634 1893 734 1964 inter
751 1894 958 1968 resistentia
974 1894 1036 1968 illa
1048 1917 1223 1993 corpora,
1234 1907 1269 1968 et

245 2017 426 2102 assidue,
440 2037 483 2086 ac
499 2011 742 2088 vehementer
755 2011 910 2110 pulsans
920 2014 1267 2110 aneurysmainter·

261 2135 403 2233 posita,
418 2131 581 2228 ideoque
600 2146 779 2218 contusa,
800 2145 912 2230 atque
929 2145 1147 2219 extenuata,
1164 2129 1269 2204 facile

193 2291 196 2298 λ
261 2248 487 2325 taudemhic
500 2249 576 2321 illic
594 2263 846 2347 rumpuntur,
860 2265 897 2322 el
909 2250 1079 2349 quaedam
1096 2251 1206 2348 quasi
1220 2249 1275 2322 ul·

263 2370 413 2442 cuscula
437 2367 604 2456 faciunt,
622 2368 835 2466 perminuta
855 2367 1029 2465 quidem,
1044 2391 1272 2466 sensumque

264 2485 461 2586 fugientia,
487 2486 687 2558 humorem
708 2500 833 2558 nmen
857 2487 958 2560 inter
975 2485 1139 2560 lamellas
1159 2511 1276 2560 mem·

263 2605 469 2678 branarum
482 2603 628 2676 illarum
640 2600 849 2694 fundentia,
859 2605 927 2703 qui
938 2629 1044 2678 mora
1056 2604 1273 2678 acredinem

266 2721 477 2805 contrahit,
496 2735 533 2794 et
552 2720 735 2794 erodendi
751 2723 849 2812 vim,
871 2721 912 2794 in
934 2721 1161 2821 quibusdam
1182 2747 1274 2822 prae·

266 2842 394 2914 sertim
415 2840 652 2938 corporibus,
670 2865 748 2912 non
768 2838 1010 2914 mediocrem.
1025 2842 1116 2931 Quae
1130 2837 1180 2912 de
1196 2863 1275 2914 vas-

267 2959 490 3032 culisetiam
507 2957 670 3046 credito,
696 2982 764 3056 per
789 2981 872 3031 eam
887 2955 1074 3056 parietum
1093 2980 1275 3057 aneurys-

267 3081 384 3150 matis*
395 3091 540 3176 partem
556 3077 798 3174 reptantium,
816 3099 899 3174 quae
910 3097 999 3175 pars
1010 3073 1058 3148 ad
1066 3074 1275 3149 resistentia

153 3233 156 3238 ·
267 3196 332 3266 illa
345 3219 506 3294 corpora
521 3207 687 3292 urgetur.
704 3192 775 3265 Sed
791 3192 1159 3297 erodensichornon
1177 3215 1277 3266 sem·

268 3309 338 3411 pe'r
365 3311 636 3409 aneurysmatis
663 3308 819 3385 effectus
846 3325 922 3400 est,
950 3309 1274 3411 quemadmodum

269 3451 375 3502 nunc
393 3431 568 3528 exposui,
592 3449 725 3502 verum
751 3430 862 3502 etiam
891 3451 1018 3518 causa,
1038 3444 1080 3502 ut
1103 3427 1194 3500 allas
1221 3426 1277 3524 (π)

271 3547 452 3632 indicavi,
477 3569 557 3618 rem
579 3561 709 3644 postea
728 3543 1196 3646 multifariamexplicante
1217 3547 1278 3616 in·

272 3664 531 3764 geniosissimo
543 3664 736 3752 Lancisio;
749 3689 887 3764 nempe
905 3680 970 3739 aut
980 3664 1132 3738 acribus
1142 3662 1291 3736 humo·⁴

311 3873 847 4009 (1)spuucceneadew.
919 3985 923 3992 ,
1108 3975 1111 3983 .

310 4045 354 4125 (a)
374 4047 500 4110 Adsere.
514 4065 550 4123 a,
562 4046 662 4106 duim.
679 4055 729 4118 4¹·
