2842 4672
637 289 645 310 κ
699 283 705 320 l

204 383 276 431 nm.
303 382 327 428 1.
356 379 403 428 nn
429 376 566 427 uoanrs
590 377 749 444 csrrrrs,
775 379 888 430 amsa.
914 382 987 430 x1v.
1044 387 1103 461 ‚79

87 495 254 569 obortus
277 508 352 578 est,
377 517 465 566 cum
490 516 634 564 annum
659 508 787 592 ageret
812 494 1102 589 duodecimum,

87 639 195 714 pone
223 611 395 688 eamdem
414 635 567 700 aurem,
588 635 671 708 quae
693 610 807 684 surda
833 628 929 702 erat,
948 629 985 686 et
1005 641 1102 714 pure

89 730 283 803 manabat.
315 730 488 800 Tumoris
517 727 785 826 integumentis
808 754 828 799 a
852 729 1031 830 chirurgo
1050 759 1104 808 se·
1156 741 1160 750 '

88 849 265 922 cundum
293 847 425 944 capitis
452 845 730 946 longitudinem
758 847 903 937 incisis,
926 873 997 946 pus
1021 875 1101 924 non

89 995 262 1068 paucum
283 967 425 1040 effluxit
440 967 553 1067 quale
568 993 613 1040 ex
633 991 723 1039 aure
739 967 926 1067 prodibat.
948 970 1102 1070 Aliquot

87 1103 176 1188 post
194 1112 279 1159 eam
295 1087 518 1158 incisionem
537 1085 637 1157 auris
655 1085 921 1158 convulsiones
936 1111 1101 1185 puerum

87 1202 403 1303 prehenderunt,
433 1217 477 1274 ut
499 1217 582 1274 toto
609 1225 769 1300 corpore
800 1203 1009 1296 subsiliret,
1035 1231 1101 1280 vo-

87 1347 251 1419 cemque
287 1321 428 1392 invitus
460 1312 684 1417 quamdam,
710 1320 810 1390 inter
834 1320 1039 1396 clamorem
1064 1342 1101 1398 et

88 1440 276 1539 gemitum
294 1437 475 1526 mediam,
489 1438 659 1510 emittere
676 1451 883 1534 cogeretur.
902 1443 1100 1532 Haec,tum

88 1557 228 1630 crebro
239 1556 494 1644 recurrentia,
511 1552 607 1627 faeta
622 1552 759 1626 deinde
772 1556 926 1646 rariora,
940 1558 988 1632 ad
996 1581 1099 1632 mor-

90 1690 167 1748 tem
183 1698 305 1772 usque
316 1673 571 1772 perstiterunt.
587 1671 730 1745 Eodem
738 1687 865 1762 autem
874 1674 940 1747 illo
947 1673 1011 1758 ‚die
1021 1701 1098 1776 quo

89 1796 261 1892 primurn
279 1791 544 1864 convulsiones
553 1793 801 1890 ingruerunt,
817 1795 972 1865 accessit
988 1793 1099 1868 dolor

90 1937 166 2010 qua
194 1914 482 2010 integumenta,
510 1923 554 1980 ut
581 1907 761 1996 diximus,
784 1909 903 1980 incisa
929 1908 1097 1985 fuerant:

88 2046 249 2128 eratque
265 2029 439 2101 sectionis
454 2026 555 2098 illius
572 2039 673 2097 certa
689 2045 775 2122 pars
795 2047 907 2096 sensu
924 2025 1019 2100 adeo
1037 2053 1099 2100 ex·
1194 2060 1197 2074 ·

88 2149 254 2246 quisito,
269 2161 310 2218 ut
327 2171 375 2218 ne
393 2143 621 2217 levissimum
637 2141 792 2240 quidem
811 2155 953 2214 tactum
972 2140 1096 2218 ferret.

88 2265 233 2338 Diebus
247 2260 553 2362 insequentibus,
576 2259 646 2334 etsi
667 2283 737 2358 pus
758 2257 875 2332 fluere
893 2259 1093 2360 pergebat,

88 2385 205 2483 coepit
219 2407 318 2480 aeger
334 2381 515 2469 delirare,
535 2377 754 2478 viribusque
772 2403 814 2450 ac
831 2377 1003 2476 pulsibus
1013 2405 1093 2453 om·
1196 2429 1197 2434 κ

88 2502 181 2573 nino
199 2498 363 2572 destitui.
384 2498 609 2595 Conquievit
625 2511 757 2596 postea
765 2487 957 2586 delirium,
973 2481 1093 2572 visus-

91 2643 163 2716 que
181 2642 281 2717 puer
299 2614 476 2688 nonnihil
492 2615 609 2704 vires,
627 2612 836 2712 pulsusque
857 2637 1093 2712 recuperare,

89 2737 230 2834 vegetis
257 2734 377 2806 oculis
402 2733 604 2831 aspiciens,
628 2747 665 2804 et
681 2732 854 2828 loquens.
879 2731 951 2803 Sed
977 2759 1093 2831 quan-

90 2878 205 2952 quam
220 2841 421 2951 postremis
435 2852 526 2949 ipsis
541 2851 624 2921 vitae
634 2848 768 2920 diebus
776 2849 925 2920 locutus
937 2867 1005 2941 est,
1016 2856 1091 2950 spi-

88 2972 282 3068 ritumque
301 2993 448 3068 semper
464 2965 571 3039 facile
591 2967 718 3054 duxit,
738 2981 863 3037 tamen
875 2966 1012 3038 iterum
1026 2994 1092 3066 pe·

86 3087 286 3184 jorfactus,
297 3085 454 3160 decessit
464 3084 534 3158 sub
542 3083 692 3156 initium
702 3081 1090 3182 februariianni1740.

88 3208 209 3297 Quam
220 3229 307 3277 cum
320 3203 415 3276 mihi
424 3203 619 3276 historiam
630 3194 845 3272 narrassent
854 3200 921 3296 qui
929 3223 1091 3298 puerum

90 3337 315 3396 curaverant
331 3324 372 3393 in
389 3322 593 3393 novissimo
609 3319 684 3420 hoc
701 3315 858 3406 morb03
875 3319 996 3388 visum
1016 3335 1090 3412 est,

90 3469 167 3514 non
184 3468 207 3514 a
226 3444 387 3514 tumoris
401 3441 581 3512 incisione
600 3438 852 3536 gravissimas,
871 3459 954 3534 quae
967 3438 1091 3536 ipsum

89 3558 318 3645 afflixerant,
343 3572 381 3629 et
406 3557 654 3644 sustulerant,
683 3578 820 3643 noxas3
851 3553 917 3625 sed
943 3579 963 3625 a
993 3559 1091 3630 carie
1173 3631 1175 3636 ,
1231 3619 1234 3628 ,

87 3675 199 3751 fuisse
218 3681 313 3751 ossis
331 3691 551 3775 temporum
568 3697 651 3770 quae
669 3672 781 3744 simul
795 3686 982 3744 tumorem
995 3675 1092 3748 exci-

89 3805 223 3881 tasset,
243 3791 355 3864 simul
375 3790 416 3861 in
431 3790 550 3862 cranii
564 3811 697 3861 cavum
716 3791 964 3886 pervenisset,
982 3803 1019 3860 et
1039 3792 1091 3862 sic

91 3907 253 4010 denique
270 3911 311 3982 in
325 3909 398 3982 hoc
416 3910 541 3998 etiam,
551 3907 694 3981 aditum
708 3909 917 4009 purulentae
931 3909 1097 3978 materiae·
