2820 4662
153 459 220 504 im.
248 459 288 530 u.
316 410 883 520 nnuosuisuuonscis*‚nr1sn
910 457 983 506 xix.
1012 437 1081 534 467

91 575 195 668 n‘pat.
212 584 338 668 quoest.
362 569 402 656 3,
423 574 460 640 in
464 570 562 663 fine,
579 570 644 642 nbi
660 585 978 667 argumentantem
990 573 1084 670 lign-

90 693 178 759 turis
205 711 377 786 expresse
394 691 646 788 proponitur,
664 700 700 757 et
719 690 879 779 refertur
895 689 1002 762 locus
1024 690 1086 760 ille

91 805 315 889 Aristotelis,
333 803 380 876 de
405 829 483 902 quo
501 803 645 879 dictum
666 819 730 877 est.
752 805 879 899 Quid?
902 808 933 880 si
959 803 1088 878 locum

87 923 195 994 illum.
206 921 363 994 alterum
384 921 531 1023 legisset
554 924 593 994 in
621 947 698 1020 quo
718 947 892 995 corruere
913 924 1090 998 homines

88 1039 285 1129 dicuntur,
313 1055 378 1112 aut
400 1064 483 1138 quae
507 1038 622 1138 paulo
639 1053 725 1112 ante
749 1038 796 1112 de
820 1043 1089 1118 circulatorum

89 1158 229 1255 capris,
246 1156 402 1255 aliisque
414 1155 633 1229 hominibus
651 1157 799 1255 prolata
813 1176 910 1232 sunt.
928 1159 1001 1232 Sed
1010 1160 1089 1231 haec
1152 1193 1154 1196 ·

88 1277 236 1365 omnia,
254 1289 297 1346 ut
307 1299 395 1346 vera
409 1273 603 1347 evidenter
614 1290 755 1370 essent,
774 1289 811 1347 et
824 1303 906 1374 quae
919 1279 1091 1376 Caesalpi·

88 1418 161 1466 nus
180 1393 221 1464 in
240 1405 405 1480 extrema
421 1417 464 1463 ea
483 1391 687 1490 quaestione
712 1393 832 1489 attigit
859 1394 961 1483 libri,
985 1395 1091 1494 quod

87 1507 309 1582 addendum
327 1505 450 1578 fuerat
465 1512 517 1594 V,
541 1532 620 1581 non
642 1532 687 1579 eo
704 1522 830 1580 tamen
851 1511 1091 1606 spectabant,

89 1640 131 1698 ut
147 1625 363 1698 constrictis
384 1621 527 1734 arteriis
545 1621 737 1696 musculos
755 1623 1002 1714 adeuntibus,
1023 1627 1092 1696 ho-

88 1766 178 1813 rum
207 1741 390 1814 continuo
415 1739 591 1836 intercipi
609 1754 755 1810 motum
783 1741 1095 1838 intelligeremus,
1211 1783 1216 1792 ·

88 1858 238 1931 Galeno
265 1856 328 1956 (1)
353 1856 558 1954 praesertim
579 1855 751 1927 dicente:
773 1856 942 1954 qnalibet
960 1859 1095 1929 arteria

85 1975 243 2048 vinculo
262 1987 441 2071 excepta,
470 1971 614 2042 nullam
638 1971 680 2042 id
703 1979 741 2042 in
757 1999 928 2072 praesens
951 1999 1095 2046 nonam

75 2091 293 2188 particulae
301 2111 415 2188 quam
423 2085 518 2176 adit,
532 2089 692 2180 afferre3
705 2088 769 2160 sed
783 2115 828 2161 eo
837 2105 980 2161 tantum
990 2115 1095 2189 spec-

85 2207 244 2296 tabant,
261 2221 304 2279 ut
320 2205 461 2276 constri
512 2228 532 2286 s
540 2205 636 2276 vasis
645 2229 727 2303 quae
741 2205 781 2276 in
796 2207 894 2277 collo
909 2221 1007 2296 sunt,
1015 2231 1095 2278 non
1127 2203 1129 2208 ’

85 2325 258 2420 amplius
288 2348 333 2393 ex
362 2321 476 2394 corde
506 2322 545 2392 in
574 2321 786 2412 cerebrum,
813 2349 1026 2423 nervosque
1057 2325 1097 2396 id

86 2437 203 2537 quod
217 2439 466 2528 necessarium
483 2452 594 2524 esset,
610 2434 768 2510 influere
783 2442 1095 2539 perspiceremus.

85 2557 229 2652 Neque
244 2554 317 2658 alio
335 2555 510 2628 attineret
522 2555 758 2657 Hippocratis
771 2555 824 2653 (a)
835 2557 958 2628 locus:
974 2557 1109 2638 utali-⁵

89 2676 182 2771 quis
192 2671 489 2774 derepentevooe
500 2677 671 2776 privatus
678 2675 966 2768 fint,venarum
986 2680 1098 2746 inter·

89 2791 457 2888 ceptionesfncinnt,
475 2789 576 2878 si,ut
589 2786 1019 2887 laudatus'Hoffmannus
1032 2791 1099 2890 (3),

87 2905 197 2976 hanc
212 2906 449 3009 Hippocratis
465 2906 777 3003 interceptionem
789 2932 985 2998 venarum,
998 2934 1099 2980 enm·

89 3023 184 3096 dem
202 3045 280 3094 esse
299 3027 476 3120 putarent
492 3024 631 3121 caeteri,
656 3047 739 3094 cum
764 3029 1028 3122 interceptione
1047 3050 1102 3097 ve·
1186 3069 1194 3084 ·

91 3163 237 3214 norum
257 3143 295 3208 in
318 3136 433 3225 collo,
454 3139 671 3213 Aristotelis.
697 3139 768 3211 Sed
787 3141 968 3238 quoniam
992 3141 1103 3211 Gale-

89 3279 170 3328 nus
187 3253 242 3352 (4)
259 3279 441 3326 venarum
457 3259 757 3354 interceptiones,
778 3257 918 3354 inquit,
932 3255 1086 3354 appello

92 3375 348 3472 Hippocrates
361 3369 592 3469 oppletiones
607 3397 693 3470 qum
708 3398 733 3443 a
747 3379 857 3472 copin
870 3378 1103 3465 exoriuntur,

139 3687 188 3767 (ι)
208 3691 253 3747 De
267 3692 346 3764 puls.
357 3707 430 3762 usu,
445 3709 470 3747 c.
487 3707 514 3746 2.

140 3789 189 3868 (a)
210 3791 256 3846 De
270 3789 341 3845 vict.
355 3800 412 3846 rat.
426 3790 458 3846 in
471 3800 550 3847 aeut.
560 3809 590 3846 n.
605 3791 652 3862 37.

142 3887 191 3966 (3)
212 3889 374 3947 Comment.
387 3888 420 3972 in
435 3909 461 3946 c.
478 3907 531 3964 12,
544 3891 566 3948 1.
581 3890 631 3963 16,
644 3891 681 3949 de
692 3908 738 3947 us.
749 3901 827 3968 part.

143 3985 191 4068 (t)
212 3988 377 4064 comment.
394 3996 412 4059 t.
427 3983 521 4058 ineis.
536 3989 680 4068 Hippocr.
692 3993 713 4050 l.
727 4009 759 4050 n.
772 3989 820 4049 23.

875 4083 940 4158 30*

553 4335 555 4338 Ι
675 4262 687 4310 l

1182 3971 1264 4110 ,d
