<?xml version="1.0" encoding="UTF-8"?>
<!DOCTYPE html PUBLIC "-//W3C//DTD XHTML 1.0 Transitional//EN"
    "http://www.w3.org/TR/xhtml1/DTD/xhtml1-transitional.dtd">
<html xmlns="http://www.w3.org/1999/xhtml" xml:lang="en" lang="en">
 <head>
  <title>
</title>
<meta http-equiv="Content-Type" content="text/html;charset=utf-8" />
  <meta name='ocr-system' content='tesseract 3.04.00' />
  <meta name='ocr-capabilities' content='ocr_page ocr_carea ocr_par ocr_line ocrx_word'/>
</head>
<body>
  <div class='ocr_page' id='page_1' title='image "./desedibusetcaus00chaugoog_0591.png"; bbox 0 0 2832 4662; ppageno 0'>
   <div class='ocr_carea' id='block_1_1' title="bbox 326 469 1161 560">
    <p class='ocr_par' dir='ltr' id='par_1_1' title="bbox 326 469 1161 560">
     <span class='ocr_line' id='line_1_1' title="bbox 326 469 1161 560; baseline -0.001 -15"><span class='ocrx_word' id='word_1_1' title='bbox 326 469 397 560; x_wconf 67' lang='lat'><strong>604</strong></span> <span class='ocrx_word' id='word_1_2' title='bbox 447 511 449 516; x_wconf 96' lang='lat'>·</span> <span class='ocrx_word' id='word_1_3' title='bbox 490 493 536 544; x_wconf 84' lang='lat' dir='ltr'><strong>ur</strong></span> <span class='ocrx_word' id='word_1_4' title='bbox 563 491 709 544; x_wconf 74' lang='lat' dir='ltr'><strong>saeuus</strong></span> <span class='ocrx_word' id='word_1_5' title='bbox 735 493 779 544; x_wconf 82' lang='lat' dir='ltr'><strong>rr</strong></span> <span class='ocrx_word' id='word_1_6' title='bbox 804 495 927 544; x_wconf 78' lang='lat' dir='ltr'><strong>causrs</strong></span> <span class='ocrx_word' id='word_1_7' title='bbox 953 491 1161 546; x_wconf 71' lang='lat' dir='ltr'><strong>nortonam</strong></span> 
     </span>
    </p>
   </div>
   <div class='ocr_carea' id='block_1_2' title="bbox 225 608 1381 4121">
    <p class='ocr_par' dir='ltr' id='par_1_2' title="bbox 254 608 1307 2342">
     <span class='ocr_line' id='line_1_2' title="bbox 323 608 1302 708; baseline -0.003 -26"><span class='ocrx_word' id='word_1_8' title='bbox 323 625 400 684; x_wconf 84' lang='lat' dir='ltr'><strong>tem</strong></span> <span class='ocrx_word' id='word_1_9' title='bbox 422 609 811 683; x_wconf 82' lang='lat' dir='ltr'><strong>decumbere-Febris</strong></span> <span class='ocrx_word' id='word_1_10' title='bbox 824 608 1021 700; x_wconf 85' lang='lat' dir='ltr'><strong>duntaxat,</strong></span> <span class='ocrx_word' id='word_1_11' title='bbox 1039 626 1076 682; x_wconf 91' lang='lat' dir='ltr'><strong>et</strong></span> <span class='ocrx_word' id='word_1_12' title='bbox 1093 611 1168 682; x_wconf 89' lang='lat' dir='ltr'><strong>sitis</strong></span> <span class='ocrx_word' id='word_1_13' title='bbox 1180 623 1302 708; x_wconf 86' lang='lat' dir='ltr'><strong>urgent.</strong></span> 
     </span>
     <span class='ocr_line' id='line_1_3' title="bbox 324 727 1301 828; baseline -0.005 -28"><span class='ocrx_word' id='word_1_14' title='bbox 324 733 455 802; x_wconf 87' lang='lat' dir='ltr'><strong>Crassa</strong></span> <span class='ocrx_word' id='word_1_15' title='bbox 474 727 677 825; x_wconf 88' lang='lat' dir='ltr'><strong>aliquando</strong></span> <span class='ocrx_word' id='word_1_16' title='bbox 698 729 854 828; x_wconf 86' lang='lat' dir='ltr'><strong>exspuit.</strong></span> <span class='ocrx_word' id='word_1_17' title='bbox 882 729 1046 799; x_wconf 84' lang='lat' dir='ltr'>Gravior</span> <span class='ocrx_word' id='word_1_18' title='bbox 1065 727 1109 799; x_wconf 87' lang='lat' dir='ltr'><strong>fit</strong></span> <span class='ocrx_word' id='word_1_19' title='bbox 1127 729 1301 827; x_wconf 81' lang='lat' dir='ltr'><strong>respiratio.</strong></span> 
     </span>
     <span class='ocr_line' id='line_1_4' title="bbox 273 845 1304 926; baseline -0.001 -10"><span class='ocrx_word' id='word_1_20' title='bbox 273 903 275 910; x_wconf 94' lang='lat'><em>.</em></span> <span class='ocrx_word' id='word_1_21' title='bbox 323 845 490 920; x_wconf 80' lang='lat' dir='ltr'>Tandem</span> <span class='ocrx_word' id='word_1_22' title='bbox 508 846 568 916; x_wconf 89' lang='lat' dir='ltr'><strong>die</strong></span> <span class='ocrx_word' id='word_1_23' title='bbox 588 846 736 926; x_wconf 84' lang='lat' dir='ltr'><strong>decimo</strong></span> <span class='ocrx_word' id='word_1_24' title='bbox 754 848 865 918; x_wconf 86' lang='lat' dir='ltr'><strong>tertio</strong></span> <span class='ocrx_word' id='word_1_25' title='bbox 886 847 1057 917; x_wconf 90' lang='lat' dir='ltr'><strong>moritur.</strong></span> <span class='ocrx_word' id='word_1_26' title='bbox 1078 846 1205 917; x_wconf 90' lang='lat' dir='ltr'><strong>Pulmo</strong></span> <span class='ocrx_word' id='word_1_27' title='bbox 1219 845 1304 916; x_wconf 84' lang='lat' dir='ltr'><strong>siuis-</strong></span> 
     </span>
     <span class='ocr_line' id='line_1_5' title="bbox 323 962 1305 1061; baseline -0.005 -25"><span class='ocrx_word' id='word_1_28' title='bbox 323 977 382 1036; x_wconf 87' lang='lat' dir='ltr'><strong>ter</strong></span> <span class='ocrx_word' id='word_1_29' title='bbox 398 964 557 1034; x_wconf 90' lang='lat' dir='ltr'><strong>omnino</strong></span> <span class='ocrx_word' id='word_1_30' title='bbox 575 963 720 1034; x_wconf 87' lang='lat' dir='ltr'><strong>solutus</strong></span> <span class='ocrx_word' id='word_1_31' title='bbox 746 988 767 1033; x_wconf 90' lang='lat' dir='ltr'><strong>a</strong></span> <span class='ocrx_word' id='word_1_32' title='bbox 791 964 938 1061; x_wconf 85' lang='lat' dir='ltr'><strong>pleura‚</strong></span> <span class='ocrx_word' id='word_1_33' title='bbox 959 987 1042 1060; x_wconf 84' lang='lat' dir='ltr'><strong>quae</strong></span> <span class='ocrx_word' id='word_1_34' title='bbox 1055 987 1206 1061; x_wconf 90' lang='lat' dir='ltr'><strong>prorsus</strong></span> <span class='ocrx_word' id='word_1_35' title='bbox 1215 962 1305 1032; x_wconf 82' lang='lat' dir='ltr'><strong>illesa</strong></span> 
     </span>
     <span class='ocr_line' id='line_1_6' title="bbox 324 1079 1305 1179; baseline -0.005 -27"><span class='ocrx_word' id='word_1_36' title='bbox 324 1095 417 1168; x_wconf 86' lang='lat' dir='ltr'><strong>crat,</strong></span> <span class='ocrx_word' id='word_1_37' title='bbox 435 1079 676 1168; x_wconf 82' lang='lat' dir='ltr'><strong>subalbidus,</strong></span> <span class='ocrx_word' id='word_1_38' title='bbox 692 1082 810 1179; x_wconf 84' lang='lat' dir='ltr'><strong>nigris</strong></span> <span class='ocrx_word' id='word_1_39' title='bbox 824 1080 1022 1153; x_wconf 86' lang='lat' dir='ltr'><strong>distinctus</strong></span> <span class='ocrx_word' id='word_1_40' title='bbox 1039 1081 1202 1178; x_wconf 87' lang='lat' dir='ltr'><strong>punctis,</strong></span> <span class='ocrx_word' id='word_1_41' title='bbox 1218 1103 1305 1150; x_wconf 82' lang='lat' dir='ltr'><strong>carne</strong></span> 
     </span>
     <span class='ocr_line' id='line_1_7' title="bbox 324 1181 1305 1287; baseline -0.004 -19"><span class='ocrx_word' id='word_1_42' title='bbox 324 1197 476 1287; x_wconf 89' lang='lat' dir='ltr'><strong>durior,</strong></span> <span class='ocrx_word' id='word_1_43' title='bbox 493 1196 678 1268; x_wconf 88' lang='lat' dir='ltr'><strong>nonnulla</strong></span> <span class='ocrx_word' id='word_1_44' title='bbox 699 1181 863 1270; x_wconf 87' lang='lat' dir='ltr'><strong>dstendit</strong></span> <span class='ocrx_word' id='word_1_45' title='bbox 885 1193 1106 1286; x_wconf 88' lang='lat' dir='ltr'><strong>tubercula,</strong></span> <span class='ocrx_word' id='word_1_46' title='bbox 1136 1199 1229 1269; x_wconf 89' lang='lat' dir='ltr'><strong>sanie</strong></span> <span class='ocrx_word' id='word_1_47' title='bbox 1247 1219 1305 1267; x_wconf 85' lang='lat' dir='ltr'><strong>sca·</strong></span> 
     </span>
     <span class='ocr_line' id='line_1_8' title="bbox 318 1315 1305 1416; baseline -0.006 -28"><span class='ocrx_word' id='word_1_48' title='bbox 318 1318 450 1416; x_wconf 77' lang='lat' dir='ltr'><strong>tentia.</strong></span> <span class='ocrx_word' id='word_1_49' title='bbox 460 1315 591 1386; x_wconf 88' lang='lat' dir='ltr'><strong>Pulmo</strong></span> <span class='ocrx_word' id='word_1_50' title='bbox 607 1316 756 1388; x_wconf 88' lang='lat' dir='ltr'><strong>sinister</strong></span> <span class='ocrx_word' id='word_1_51' title='bbox 763 1316 843 1413; x_wconf 75' lang='lat' dir='ltr'><strong>(sic)</strong></span> <span class='ocrx_word' id='word_1_52' title='bbox 852 1318 1023 1414; x_wconf 86' lang='lat' dir='ltr'><strong>superius</strong></span> <span class='ocrx_word' id='word_1_53' title='bbox 1033 1316 1186 1412; x_wconf 88' lang='lat' dir='ltr'><strong>quidem</strong></span> <span class='ocrx_word' id='word_1_54' title='bbox 1197 1315 1305 1412; x_wconf 86' lang='lat' dir='ltr'><strong>pleurae</strong></span> 
     </span>
     <span class='ocr_line' id='line_1_9' title="bbox 254 1431 1306 1532; baseline -0.002 -28"><span class='ocrx_word' id='word_1_55' title='bbox 254 1467 264 1484; x_wconf 87' lang='lat'><strong>·</strong></span> <span class='ocrx_word' id='word_1_56' title='bbox 323 1457 394 1531; x_wconf 89' lang='lat' dir='ltr'><strong>per</strong></span> <span class='ocrx_word' id='word_1_57' title='bbox 414 1457 454 1504; x_wconf 91' lang='lat' dir='ltr'><strong>se</strong></span> <span class='ocrx_word' id='word_1_58' title='bbox 471 1431 707 1520; x_wconf 84' lang='lat' dir='ltr'><strong>adhaerebat3</strong></span> <span class='ocrx_word' id='word_1_59' title='bbox 727 1433 791 1506; x_wconf 92' lang='lat' dir='ltr'><strong>sed</strong></span> <span class='ocrx_word' id='word_1_60' title='bbox 807 1433 919 1532; x_wconf 85' lang='lat' dir='ltr'><strong>longe</strong></span> <span class='ocrx_word' id='word_1_61' title='bbox 935 1435 1060 1506; x_wconf 88' lang='lat' dir='ltr'><strong>minus</strong></span> <span class='ocrx_word' id='word_1_62' title='bbox 1076 1449 1156 1506; x_wconf 85' lang='lat' dir='ltr'><strong>erat</strong></span> <span class='ocrx_word' id='word_1_63' title='bbox 1167 1432 1306 1517; x_wconf 64' lang='lat' dir='ltr'><strong>vitiatus</strong></span> 
     </span>
     <span class='ocr_line' id='line_1_10' title="bbox 323 1547 1305 1649; baseline -0.006 -27"><span class='ocrx_word' id='word_1_64' title='bbox 323 1551 467 1649; x_wconf 85' lang='lat' dir='ltr'><strong>quippe</strong></span> <span class='ocrx_word' id='word_1_65' title='bbox 492 1551 609 1648; x_wconf 84' lang='lat' dir='ltr'><strong>nigris</strong></span> <span class='ocrx_word' id='word_1_66' title='bbox 632 1550 897 1623; x_wconf 88' lang='lat' dir='ltr'><strong>tantummodo</strong></span> <span class='ocrx_word' id='word_1_67' title='bbox 919 1575 1146 1648; x_wconf 90' lang='lat' dir='ltr'><strong>conspersus</strong></span> <span class='ocrx_word' id='word_1_68' title='bbox 1163 1547 1305 1631; x_wconf 90' lang='lat' dir='ltr'><strong>maculis,</strong></span> 
     </span>
     <span class='ocr_line' id='line_1_11' title="bbox 323 1667 1306 1766; baseline -0.006 -27"><span class='ocrx_word' id='word_1_69' title='bbox 323 1683 361 1739; x_wconf 90' lang='lat' dir='ltr'><strong>et</strong></span> <span class='ocrx_word' id='word_1_70' title='bbox 389 1667 562 1766; x_wconf 87' lang='lat' dir='ltr'><strong>jugulum</strong></span> <span class='ocrx_word' id='word_1_71' title='bbox 593 1691 724 1743; x_wconf 79' lang='lat' dir='ltr'><strong>versus</strong></span> <span class='ocrx_word' id='word_1_72' title='bbox 751 1667 905 1758; x_wconf 68' lang='lat' dir='ltr'><strong>duricrg</strong></span> <span class='ocrx_word' id='word_1_73' title='bbox 934 1692 1098 1766; x_wconf 88' lang='lat' dir='ltr'><strong>parvum</strong></span> <span class='ocrx_word' id='word_1_74' title='bbox 1120 1667 1306 1738; x_wconf 81' lang='lat' dir='ltr'><strong>abscessum</strong></span> 
     </span>
     <span class='ocr_line' id='line_1_12' title="bbox 324 1778 1307 1882; baseline -0.006 -27"><span class='ocrx_word' id='word_1_75' title='bbox 324 1783 562 1856; x_wconf 58' lang='lat' dir='ltr'><strong>continebat«</strong></span> <span class='ocrx_word' id='word_1_76' title='bbox 579 1789 621 1853; x_wconf 90' lang='lat' dir='ltr'><strong>In</strong></span> <span class='ocrx_word' id='word_1_77' title='bbox 653 1784 867 1882; x_wconf 86' lang='lat' dir='ltr'><strong>pericardio</strong></span> <span class='ocrx_word' id='word_1_78' title='bbox 893 1786 967 1856; x_wconf 85' lang='lat' dir='ltr'><strong>scri</strong></span> <span class='ocrx_word' id='word_1_79' title='bbox 989 1784 1114 1856; x_wconf 89' lang='lat' dir='ltr'><strong>uncia.</strong></span> <span class='ocrx_word' id='word_1_80' title='bbox 1146 1789 1188 1854; x_wconf 90' lang='lat' dir='ltr'><strong>In</strong></span> <span class='ocrx_word' id='word_1_81' title='bbox 1212 1778 1307 1852; x_wconf 84' lang='lat' dir='ltr'><strong>cordis</strong></span> 
     </span>
     <span class='ocr_line' id='line_1_13' title="bbox 322 1900 1307 2000; baseline -0.007 -28"><span class='ocrx_word' id='word_1_82' title='bbox 322 1901 536 1972; x_wconf 87' lang='lat' dir='ltr'><strong>ventriculo</strong></span> <span class='ocrx_word' id='word_1_83' title='bbox 562 1902 719 1974; x_wconf 84' lang='lat' dir='ltr'><strong>dextero</strong></span> <span class='ocrx_word' id='word_1_84' title='bbox 745 1900 931 2000; x_wconf 89' lang='lat' dir='ltr'><strong>polyposa</strong></span> <span class='ocrx_word' id='word_1_85' title='bbox 959 1902 1156 1972; x_wconf 74' lang='lat' dir='ltr'><strong>concretio</strong></span> <span class='ocrx_word' id='word_1_86' title='bbox 1182 1920 1307 1996; x_wconf 75' lang='lat' dir='ltr'><strong>magna,</strong></span> 
     </span>
     <span class='ocr_line' id='line_1_14' title="bbox 323 2012 1307 2120; baseline -0.01 -28"><span class='ocrx_word' id='word_1_87' title='bbox 323 2018 457 2115; x_wconf 86' lang='lat' dir='ltr'><strong>majori</strong></span> <span class='ocrx_word' id='word_1_88' title='bbox 472 2035 596 2092; x_wconf 88' lang='lat' dir='ltr'><strong>tamen</strong></span> <span class='ocrx_word' id='word_1_89' title='bbox 617 2021 674 2092; x_wconf 93' lang='lat' dir='ltr'><strong>sui</strong></span> <span class='ocrx_word' id='word_1_90' title='bbox 689 2035 794 2119; x_wconf 85' lang='lat' dir='ltr'><strong>parte</strong></span> <span class='ocrx_word' id='word_1_91' title='bbox 812 2020 1020 2092; x_wconf 84' lang='lat' dir='ltr'><strong>auriculam</strong></span> <span class='ocrx_word' id='word_1_92' title='bbox 1038 2019 1216 2120; x_wconf 87' lang='lat' dir='ltr'><strong>implens,</strong></span> <span class='ocrx_word' id='word_1_93' title='bbox 1230 2012 1307 2085; x_wconf 83' lang='lat' dir='ltr'><strong>indo</strong></span> 
     </span>
     <span class='ocr_line' id='line_1_15' title="bbox 324 2129 1307 2235; baseline -0.008 -29"><span class='ocrx_word' id='word_1_94' title='bbox 324 2161 454 2234; x_wconf 89' lang='lat' dir='ltr'><strong>queso</strong></span> <span class='ocrx_word' id='word_1_95' title='bbox 474 2136 513 2206; x_wconf 91' lang='lat' dir='ltr'><strong>in</strong></span> <span class='ocrx_word' id='word_1_96' title='bbox 538 2161 624 2209; x_wconf 87' lang='lat' dir='ltr'><strong>vasa</strong></span> <span class='ocrx_word' id='word_1_97' title='bbox 641 2138 868 2235; x_wconf 89' lang='lat' dir='ltr'><strong>producens.</strong></span> <span class='ocrx_word' id='word_1_98' title='bbox 889 2142 935 2208; x_wconf 93' lang='lat' dir='ltr'><strong>In</strong></span> <span class='ocrx_word' id='word_1_99' title='bbox 960 2138 1114 2209; x_wconf 87' lang='lat' dir='ltr'><strong>sinistro</strong></span> <span class='ocrx_word' id='word_1_100' title='bbox 1131 2129 1307 2207; x_wconf 87' lang='lat' dir='ltr'><strong>ventriculo</strong></span> 
     </span>
     <span class='ocr_line' id='line_1_16' title="bbox 323 2254 800 2342; baseline 0.004 -18"><span class='ocrx_word' id='word_1_101' title='bbox 323 2269 403 2324; x_wconf 88' lang='lat' dir='ltr'><strong>erat</strong></span> <span class='ocrx_word' id='word_1_102' title='bbox 420 2255 556 2342; x_wconf 86' lang='lat' dir='ltr'><strong>altera,</strong></span> <span class='ocrx_word' id='word_1_103' title='bbox 576 2254 643 2326; x_wconf 92' lang='lat' dir='ltr'><strong>sed</strong></span> <span class='ocrx_word' id='word_1_104' title='bbox 659 2257 800 2326; x_wconf 83' lang='lat' dir='ltr'><strong>minor.</strong></span> 
     </span>
    </p>

    <p class='ocr_par' dir='ltr' id='par_1_3' title="bbox 323 2364 1308 3177">
     <span class='ocr_line' id='line_1_17' title="bbox 374 2364 1308 2470; baseline -0.002 -28"><span class='ocrx_word' id='word_1_105' title='bbox 374 2369 431 2442; x_wconf 83' lang='lat'><strong>50.</strong></span> <span class='ocrx_word' id='word_1_106' title='bbox 459 2373 527 2443; x_wconf 89' lang='lat' dir='ltr'><strong>Hic</strong></span> <span class='ocrx_word' id='word_1_107' title='bbox 551 2397 642 2442; x_wconf 87' lang='lat' dir='ltr'><strong>vero</strong></span> <span class='ocrx_word' id='word_1_108' title='bbox 662 2398 738 2470; x_wconf 89' lang='lat' dir='ltr'><strong>qua</strong></span> <span class='ocrx_word' id='word_1_109' title='bbox 760 2373 1179 2470; x_wconf 84' lang='lat' dir='ltr'><strong>conjecturautemur?</strong></span> <span class='ocrx_word' id='word_1_110' title='bbox 1205 2373 1247 2440; x_wconf 87' lang='lat' dir='ltr'><strong>Ea</strong></span> <span class='ocrx_word' id='word_1_111' title='bbox 1267 2364 1308 2434; x_wconf 80' lang='lat' dir='ltr'><strong>vi·-</strong></span> 
     </span>
     <span class='ocr_line' id='line_1_18' title="bbox 324 2487 1308 2588; baseline -0.01 -28"><span class='ocrx_word' id='word_1_112' title='bbox 324 2487 460 2562; x_wconf 86' lang='lat' dir='ltr'><strong>delicet</strong></span> <span class='ocrx_word' id='word_1_113' title='bbox 485 2514 598 2588; x_wconf 89' lang='lat' dir='ltr'><strong>quam</strong></span> <span class='ocrx_word' id='word_1_114' title='bbox 619 2489 859 2580; x_wconf 86' lang='lat' dir='ltr'><strong>manifestus,</strong></span> <span class='ocrx_word' id='word_1_115' title='bbox 888 2491 957 2564; x_wconf 85' lang='lat' dir='ltr'><strong>sed·</strong></span> <span class='ocrx_word' id='word_1_116' title='bbox 980 2489 1090 2562; x_wconf 83' lang='lat' dir='ltr'><strong>facile</strong></span> <span class='ocrx_word' id='word_1_117' title='bbox 1122 2487 1308 2561; x_wconf 86' lang='lat' dir='ltr'><strong>condonan-</strong></span> 
     </span>
     <span class='ocr_line' id='line_1_19' title="bbox 324 2605 1307 2707; baseline -0.006 -31"><span class='ocrx_word' id='word_1_118' title='bbox 324 2605 413 2691; x_wconf 77' lang='lat' dir='ltr'><strong>duS,</strong></span> <span class='ocrx_word' id='word_1_119' title='bbox 436 2606 636 2693; x_wconf 88' lang='lat' dir='ltr'><strong>Valsalvae,</strong></span> <span class='ocrx_word' id='word_1_120' title='bbox 655 2608 715 2679; x_wconf 88' lang='lat' dir='ltr'><strong>vel</strong></span> <span class='ocrx_word' id='word_1_121' title='bbox 730 2609 858 2707; x_wconf 87' lang='lat' dir='ltr'><strong>potius</strong></span> <span class='ocrx_word' id='word_1_122' title='bbox 872 2610 953 2704; x_wconf 87' lang='lat' dir='ltr'><strong>ejus</strong></span> <span class='ocrx_word' id='word_1_123' title='bbox 972 2608 1112 2679; x_wconf 88' lang='lat' dir='ltr'><strong>calami</strong></span> <span class='ocrx_word' id='word_1_124' title='bbox 1131 2629 1232 2678; x_wconf 87' lang='lat' dir='ltr'><strong>error</strong></span> <span class='ocrx_word' id='word_1_125' title='bbox 1245 2621 1307 2694; x_wconf 90' lang='lat' dir='ltr'><strong>sup·</strong></span> 
     </span>
     <span class='ocr_line' id='line_1_20' title="bbox 323 2717 1307 2823; baseline 0.008 -33"><span class='ocrx_word' id='word_1_126' title='bbox 323 2720 475 2818; x_wconf 84' lang='lat' dir='ltr'><strong>peditat.</strong></span> <span class='ocrx_word' id='word_1_127' title='bbox 489 2725 585 2792; x_wconf 88' lang='lat' dir='ltr'><strong>Cum</strong></span> <span class='ocrx_word' id='word_1_128' title='bbox 596 2724 697 2794; x_wconf 88' lang='lat' dir='ltr'><strong>enim</strong></span> <span class='ocrx_word' id='word_1_129' title='bbox 711 2725 881 2822; x_wconf 81' lang='lat' dir='ltr'><strong>singulos</strong></span> <span class='ocrx_word' id='word_1_130' title='bbox 891 2725 1096 2823; x_wconf 89' lang='lat' dir='ltr'><strong>pulmones</strong></span> <span class='ocrx_word' id='word_1_131' title='bbox 1111 2717 1307 2798; x_wconf 69' lang='lat' dir='ltr'><strong>describens,</strong></span> 
     </span>
     <span class='ocr_line' id='line_1_21' title="bbox 324 2822 1308 2942; baseline -0.005 -33"><span class='ocrx_word' id='word_1_132' title='bbox 324 2839 503 2916; x_wconf 87' lang='lat' dir='ltr'><strong>neutrubi</strong></span> <span class='ocrx_word' id='word_1_133' title='bbox 519 2842 735 2930; x_wconf 81' lang='lat' dir='ltr'><strong>dexterum,</strong></span> <span class='ocrx_word' id='word_1_134' title='bbox 755 2842 822 2915; x_wconf 89' lang='lat' dir='ltr'><strong>sed</strong></span> <span class='ocrx_word' id='word_1_135' title='bbox 841 2822 1047 2942; x_wconf 76' lang='lat' dir='ltr'><strong>utrobique</strong></span> <span class='ocrx_word' id='word_1_136' title='bbox 1062 2844 1246 2916; x_wconf 86' lang='lat' dir='ltr'><strong>sinistrum</strong></span> <span class='ocrx_word' id='word_1_137' title='bbox 1259 2855 1308 2904; x_wconf 76' lang='lat' dir='ltr'><strong>no</strong></span> 
     </span>
     <span class='ocr_line' id='line_1_22' title="bbox 324 2954 1307 3060; baseline -0.003 -32"><span class='ocrx_word' id='word_1_138' title='bbox 324 2958 459 3047; x_wconf 89' lang='lat' dir='ltr'><strong>minet;</strong></span> <span class='ocrx_word' id='word_1_139' title='bbox 481 2959 643 3032; x_wconf 85' lang='lat' dir='ltr'><strong>liberum</strong></span> <span class='ocrx_word' id='word_1_140' title='bbox 659 2960 772 3032; x_wconf 91' lang='lat' dir='ltr'><strong>nobis</strong></span> <span class='ocrx_word' id='word_1_141' title='bbox 785 2976 842 3033; x_wconf 88' lang='lat' dir='ltr'><strong>est</strong></span> <span class='ocrx_word' id='word_1_142' title='bbox 859 2963 1060 3060; x_wconf 87' lang='lat' dir='ltr'><strong>suspicari,</strong></span> <span class='ocrx_word' id='word_1_143' title='bbox 1081 2983 1197 3058; x_wconf 90' lang='lat' dir='ltr'><strong>quem</strong></span> <span class='ocrx_word' id='word_1_144' title='bbox 1212 2954 1307 3054; x_wconf 85' lang='lat' dir='ltr'><strong>prim0</strong></span> 
     </span>
     <span class='ocr_line' id='line_1_23' title="bbox 323 3067 1306 3177; baseline -0.005 -30"><span class='ocrx_word' id='word_1_145' title='bbox 323 3077 409 3149; x_wconf 89' lang='lat' dir='ltr'><strong>loco</strong></span> <span class='ocrx_word' id='word_1_146' title='bbox 427 3077 642 3176; x_wconf 85' lang='lat' dir='ltr'><strong>descripsit,</strong></span> <span class='ocrx_word' id='word_1_147' title='bbox 659 3076 771 3151; x_wconf 81' lang='lat' dir='ltr'><strong>luisse</strong></span> <span class='ocrx_word' id='word_1_148' title='bbox 788 3080 1008 3160; x_wconf 84' lang='lat' dir='ltr'><strong>dexterum:</strong></span> <span class='ocrx_word' id='word_1_149' title='bbox 1024 3104 1146 3177; x_wconf 84' lang='lat' dir='ltr'><strong>quem.</strong></span> <span class='ocrx_word' id='word_1_150' title='bbox 1160 3067 1306 3152; x_wconf 80' lang='lat' dir='ltr'><strong>secundo,</strong></span> 
     </span>
    </p>

    <p class='ocr_par' dir='ltr' id='par_1_4' title="bbox 225 3192 1381 4121">
     <span class='ocr_line' id='line_1_24' title="bbox 302 3192 1307 3296; baseline -0.005 -31"><span class='ocrx_word' id='word_1_151' title='bbox 302 3228 304 3232; x_wconf 93' lang='lat'>·</span> <span class='ocrx_word' id='word_1_152' title='bbox 323 3192 436 3268; x_wconf 83' lang='lat' dir='ltr'><strong>fuisse</strong></span> <span class='ocrx_word' id='word_1_153' title='bbox 458 3197 660 3268; x_wconf 85' lang='lat' dir='ltr'><strong>sinistrum.</strong></span> <span class='ocrx_word' id='word_1_154' title='bbox 682 3202 736 3268; x_wconf 86' lang='lat' dir='ltr'><strong>Ita</strong></span> <span class='ocrx_word' id='word_1_155' title='bbox 755 3223 815 3270; x_wconf 90' lang='lat' dir='ltr'><strong>res</strong></span> <span class='ocrx_word' id='word_1_156' title='bbox 833 3195 941 3270; x_wconf 87' lang='lat' dir='ltr'><strong>facile</strong></span> <span class='ocrx_word' id='word_1_157' title='bbox 960 3197 1217 3296; x_wconf 85' lang='lat' dir='ltr'><strong>explicabitur.</strong></span> <span class='ocrx_word' id='word_1_158' title='bbox 1236 3194 1307 3261; x_wconf 81' lang='lat' dir='ltr'><strong>Hac·</strong></span> 
     </span>
     <span class='ocr_line' id='line_1_25' title="bbox 246 3300 1307 3414; baseline -0.009 -30"><span class='ocrx_word' id='word_1_159' title='bbox 246 3311 249 3316; x_wconf 81' lang='grc'>’</span> <span class='ocrx_word' id='word_1_160' title='bbox 323 3328 434 3386; x_wconf 89' lang='lat' dir='ltr'><strong>tenus</strong></span> <span class='ocrx_word' id='word_1_161' title='bbox 456 3339 525 3412; x_wconf 92' lang='lat' dir='ltr'><strong>per</strong></span> <span class='ocrx_word' id='word_1_162' title='bbox 551 3316 810 3414; x_wconf 75' lang='lat' dir='ltr'><strong>conjecturam</strong></span> <span class='ocrx_word' id='word_1_163' title='bbox 832 3340 983 3388; x_wconf 88' lang='lat' dir='ltr'><strong>causam</strong></span> <span class='ocrx_word' id='word_1_164' title='bbox 1009 3315 1195 3387; x_wconf 87' lang='lat' dir='ltr'><strong>deducere</strong></span> <span class='ocrx_word' id='word_1_165' title='bbox 1216 3300 1307 3379; x_wconf 83' lang='lat' dir='ltr'><strong>coacti</strong></span> 
     </span>
     <span class='ocr_line' id='line_1_26' title="bbox 325 3420 1307 3532; baseline -0.005 -30"><span class='ocrx_word' id='word_1_166' title='bbox 325 3455 453 3502; x_wconf 91' lang='lat' dir='ltr'><strong>sumus</strong></span> <span class='ocrx_word' id='word_1_167' title='bbox 473 3435 680 3530; x_wconf 84' lang='lat' dir='ltr'><strong>pungentis</strong></span> <span class='ocrx_word' id='word_1_168' title='bbox 699 3433 842 3506; x_wconf 91' lang='lat' dir='ltr'><strong>doloris</strong></span> <span class='ocrx_word' id='word_1_169' title='bbox 864 3459 885 3504; x_wconf 94' lang='lat' dir='ltr'><strong>a</strong></span> <span class='ocrx_word' id='word_1_170' title='bbox 904 3435 1071 3532; x_wconf 63' lang='lat' dir='ltr'><strong>&#39;pleurae,</strong></span> <span class='ocrx_word' id='word_1_171' title='bbox 1094 3448 1131 3505; x_wconf 89' lang='lat' dir='ltr'><strong>et</strong></span> <span class='ocrx_word' id='word_1_172' title='bbox 1149 3420 1307 3530; x_wconf 75' lang='lat' dir='ltr'><strong>pulmonis</strong></span> 
     </span>
     <span class='ocr_line' id='line_1_27' title="bbox 225 3535 1307 3654; baseline 0.01 -37"><span class='ocrx_word' id='word_1_173' title='bbox 225 3640 230 3654; x_wconf 20' lang='grc' dir='ltr'>ἢ</span> <span class='ocrx_word' id='word_1_174' title='bbox 326 3549 573 3622; x_wconf 83' lang='lat' dir='ltr'><strong>connexione.</strong></span> <span class='ocrx_word' id='word_1_175' title='bbox 597 3551 669 3622; x_wconf 87' lang='lat' dir='ltr'><strong>Sed</strong></span> <span class='ocrx_word' id='word_1_176' title='bbox 687 3550 852 3624; x_wconf 84' lang='lat' dir='ltr'><strong>historiae</strong></span> <span class='ocrx_word' id='word_1_177' title='bbox 872 3551 1043 3648; x_wconf 83' lang='lat' dir='ltr'><strong>quaedam</strong></span> <span class='ocrx_word' id='word_1_178' title='bbox 1066 3563 1173 3638; x_wconf 89' lang='lat' dir='ltr'><strong>sunt,</strong></span> <span class='ocrx_word' id='word_1_179' title='bbox 1194 3548 1228 3615; x_wconf 89' lang='lat' dir='ltr'><strong>in</strong></span> <span class='ocrx_word' id='word_1_180' title='bbox 1246 3535 1307 3637; x_wconf 76' lang='lat' dir='ltr'><strong>qul·</strong></span> 
     </span>
     <span class='ocr_line' id='line_1_28' title="bbox 325 3653 1306 3763; baseline -0.002 -28"><span class='ocrx_word' id='word_1_181' title='bbox 325 3663 397 3736; x_wconf 92' lang='lat' dir='ltr'><strong>bus</strong></span> <span class='ocrx_word' id='word_1_182' title='bbox 414 3680 646 3763; x_wconf 86' lang='lat' dir='ltr'><strong>praeteream</strong></span> <span class='ocrx_word' id='word_1_183' title='bbox 666 3670 956 3759; x_wconf 83' lang='lat' dir='ltr'><strong>connexionem,</strong></span> <span class='ocrx_word' id='word_1_184' title='bbox 970 3669 1082 3740; x_wconf 90' lang='lat' dir='ltr'><strong>etiam</strong></span> <span class='ocrx_word' id='word_1_185' title='bbox 1095 3653 1306 3738; x_wconf 79' lang='lat' dir='ltr'><strong>inflammatio</strong></span> 
     </span>
     <span class='ocr_line' id='line_1_29' title="bbox 326 3773 1381 3887; baseline 0.003 -36"><span class='ocrx_word' id='word_1_186' title='bbox 326 3781 450 3879; x_wconf 89' lang='lat' dir='ltr'><strong>aliqua</strong></span> <span class='ocrx_word' id='word_1_187' title='bbox 460 3784 598 3881; x_wconf 86' lang='lat' dir='ltr'><strong>pleurae</strong></span> <span class='ocrx_word' id='word_1_188' title='bbox 612 3783 682 3858; x_wconf 85' lang='lat' dir='ltr'><strong>fuit</strong></span> <span class='ocrx_word' id='word_1_189' title='bbox 695 3841 704 3876; x_wconf 89' lang='lat'><strong>,</strong></span> <span class='ocrx_word' id='word_1_190' title='bbox 719 3811 894 3887; x_wconf 82' lang='lat' dir='ltr'><strong>pungens</strong></span> <span class='ocrx_word' id='word_1_191' title='bbox 911 3811 1002 3858; x_wconf 88' lang='lat' dir='ltr'><strong>vero</strong></span> <span class='ocrx_word' id='word_1_192' title='bbox 1017 3785 1129 3872; x_wconf 84' lang='lat' dir='ltr'><strong>dolor</strong></span> <span class='ocrx_word' id='word_1_193' title='bbox 1146 3805 1220 3854; x_wconf 91' lang='lat' dir='ltr'><strong>nou</strong></span> <span class='ocrx_word' id='word_1_194' title='bbox 1235 3774 1306 3854; x_wconf 84' lang='lat' dir='ltr'><strong>fuit,</strong></span> <span class='ocrx_word' id='word_1_195' title='bbox 1380 3773 1381 3776; x_wconf 23' lang='lat'>¹</span> 
     </span>
     <span class='ocr_line' id='line_1_30' title="bbox 327 3891 1306 4003; baseline -0.012 -33"><span class='ocrx_word' id='word_1_196' title='bbox 327 3924 441 3996; x_wconf 88' lang='lat' dir='ltr'><strong>quem</strong></span> <span class='ocrx_word' id='word_1_197' title='bbox 461 3917 587 3975; x_wconf 82' lang='lat' dir='ltr'><strong>tamen</strong></span> <span class='ocrx_word' id='word_1_198' title='bbox 605 3904 733 4003; x_wconf 87' lang='lat' dir='ltr'><strong>plures</strong></span> <span class='ocrx_word' id='word_1_199' title='bbox 752 3902 798 3975; x_wconf 90' lang='lat' dir='ltr'><strong>ab</strong></span> <span class='ocrx_word' id='word_1_200' title='bbox 818 3903 932 4000; x_wconf 90' lang='lat' dir='ltr'><strong>hujus</strong></span> <span class='ocrx_word' id='word_1_201' title='bbox 949 3903 1175 3976; x_wconf 86' lang='lat' dir='ltr'><strong>membranae</strong></span> <span class='ocrx_word' id='word_1_202' title='bbox 1191 3891 1306 3968; x_wconf 84' lang='lat' dir='ltr'><strong>inflam-</strong></span> 
     </span>
     <span class='ocr_line' id='line_1_31' title="bbox 326 4009 1305 4121; baseline -0.009 -35"><span class='ocrx_word' id='word_1_203' title='bbox 326 4018 498 4117; x_wconf 79' lang='lat' dir='ltr'><strong>matione</strong></span> <span class='ocrx_word' id='word_1_204' title='bbox 515 4021 746 4118; x_wconf 88' lang='lat' dir='ltr'><strong>repetebant.</strong></span> <span class='ocrx_word' id='word_1_205' title='bbox 772 4025 828 4095; x_wconf 88' lang='lat' dir='ltr'><strong>De</strong></span> <span class='ocrx_word' id='word_1_206' title='bbox 846 4047 891 4096; x_wconf 91' lang='lat' dir='ltr'><strong>eo</strong></span> <span class='ocrx_word' id='word_1_207' title='bbox 912 4047 1050 4121; x_wconf 88' lang='lat' dir='ltr'><strong>genere</strong></span> <span class='ocrx_word' id='word_1_208' title='bbox 1070 4034 1200 4120; x_wconf 72' lang='lat' dir='ltr'><strong>praeter</strong></span> <span class='ocrx_word' id='word_1_209' title='bbox 1221 4009 1305 4083; x_wconf 82' lang='lat' dir='ltr'><strong>aliam</strong></span> 
     </span>
    </p>
   </div>
   <div class='ocr_carea' id='block_1_3' title="bbox 0 0 1423 4662">
    <p class='ocr_par' dir='ltr' id='par_1_5' title="bbox 0 0 1423 4662">
     <span class='ocr_line' id='line_1_32' title="bbox 0 0 1423 4662; baseline 0 0"><span class='ocrx_word' id='word_1_210' title='bbox 0 0 1423 4662; x_wconf 95' lang='lat' dir='ltr'><strong> </strong></span> 
     </span>
    </p>
   </div>
  </div>
 </body>
</html>
