2750 4658
181 435 252 482 nra.
281 432 323 481 11.
351 431 398 480 na
423 425 560 480 uorans
589 423 920 493 monueramus.
947 429 1022 481 xvr.
1051 417 1121 512 247

96 546 327 646 peritissimi
344 546 384 617 in
401 569 447 617 eo
463 545 723 643 dignoscendo
741 545 998 644 decipiantur;
1017 549 1122 646 quod

97 667 143 735 in
159 666 309 761 juvene
326 662 494 761 quodam
508 661 596 752 sibi,
614 678 652 734 et
662 683 809 735 summo
818 663 925 736 alteri
935 665 1123 752 viroacci·

97 781 232 870 disse,
252 781 391 852 illustri
412 781 656 877 ingenuitatis
682 780 857 878 exemplo
880 782 960 878 ipsc
986 779 1122 855 fatetur

98 898 352 972 Vicussenius
365 897 439 994 (1),
451 917 567 994 quem
577 896 625 969 cl.
639 921 794 996 quoque
805 897 992 995 Schreyus
1002 899 1058 997 (a)
1068 917 1123 973 est

98 1014 285 1086 imitatus.
303 1015 389 1104 Quo
408 1015 526 1112 magis
545 1013 615 1085 tibi
629 1013 859 1092 attendenda
882 1029 970 1088 sunt
983 1029 1063 1111 tum
1079 1041 1123 1090 ea

12 1205 14 1210 ,
99 1157 191 1230 quaa
209 1156 324 1230 supra
333 1130 388 1228 (3)
397 1130 667 1209 admonuimus
676 1130 723 1203 de
741 1132 856 1230 signis
870 1132 1041 1228 ejusdem
1055 1134 1122 1231 hy·

101 1249 349 1348 dropis,tum
360 1248 644 1322 observationes
653 1251 771 1348 ipsius
781 1265 1025 1349 nostrae,quae
1031 1255 1122 1348 jam,

100 1383 147 1440 ut
157 1365 258 1438 ordo
269 1367 456 1467 postulat,
473 1366 551 1440 huc
564 1381 651 1441 sunt
663 1365 873 1440 afferenda.
889 1373 1009 1442 Erunt
1019 1372 1121 1442 enim

100 1486 297 1584 pleraque
315 1509 463 1574 earum,
481 1485 536 1556 uti
551 1486 663 1557 etiam
682 1511 765 1584 quae
781 1486 828 1559 de
841 1487 1042 1585 pericartlii
1053 1487 1122 1586 hy-

103 1603 232 1701 drope
250 1602 494 1699 adjicientur,
514 1597 687 1701 profecto
707 1603 788 1700 ejus
800 1606 969 1702 generis,
984 1622 1026 1678 ut
1043 1631 1122 1678 non

101 1737 184 1793 tam
196 1721 370 1810 doceant,
387 1745 503 1819 quam
517 1720 728 1796 dedoceant
739 1745 845 1808 3nam
861 1737 898 1793 et
914 1719 988 1796 hoc
1001 1723 1122 1799 facere
1223 1785 1227 1794 ,

102 1836 808 1936 noninutileest,utperspicue,quod
818 1839 1123 1938 Vicusseniusm)

104 1960 178 2048 ait,
188 1971 367 2056 appareat
379 1987 397 2022 ι(
411 1980 491 2027 non
504 1970 581 2028 tam
595 1952 701 2054 facile
715 1975 794 2028 esse
804 1954 970 2028 thoracis
978 1956 1122 2054 hydro-

105 2106 122 2140 n
140 2097 232 2174 pem
246 2097 493 2174 cognoscere,
515 2096 630 2172 quarn
648 2073 766 2172 aliqui
784 2073 946 2164 credunt
962 2075 1121 2164 Medici,

107 2224 124 2260 i
141 2194 307 2266 nimium
325 2192 396 2264 sibi
412 2190 639 2280 tribuentes,
658 2175 862 2264 anatomen
882 2193 1121 2290 ignorantes3

21 2337 23 2342 v
107 2339 124 2375 >2
144 2311 262 2408 etqui
275 2334 474 2407 nunquam
487 2308 559 2382 sibi
576 2325 758 2408 putarunt
776 2307 957 2382 cadavera
976 2335 1056 2384 esse
1070 2312 1124 2383 in»

105 2457 123 2494 a
143 2427 323 2516 cidenda,
340 2441 404 2500 aut
427 2451 515 2498 curn
538 2427 586 2498 ab
606 2427 689 2500 aliis
709 2426 985 2516 inciderentur,
1004 2429 1121 2529 inspi·

105 2575 123 2612 »
143 2545 323 2618 cienda.»
348 2549 443 2618 Nam
466 2545 533 2643 qui
558 2545 669 2643 plura
692 2544 924 2634 inciderunt,
952 2561 1017 2620 aut
1043 2548 1121 2622 ins-

105 2679 316 2762 pexerunt,
334 2661 376 2734 hi
395 2662 548 2752 saltem,
570 2687 659 2734 curn
676 2662 731 2734 illi
750 2665 906 2738 minime
924 2663 1121 2756 dubitant,

105 2782 184 2879 ipsi'
195 2780 370 2854 dubitare
390 2779 616 2854 didicerunt.

157 2898 214 2971 26.
243 2899 311 2971 Vir
333 2899 584 2972 Bononiensis
602 2923 691 2991 cum
711 2895 936 2972 difficultate
957 2904 1120 2999 respira-¹

106 3016 187 3106 bat,
206 3017 569 3116 necjaoerepoterat
581 3018 621 3088 in
634 3018 732 3090 latus
746 3019 959 3090 sinistrum:
976 3019 1017 3088 in
1032 3019 1121 3089 dex-

108 3150 233 3207 terum
257 3157 337 3205 non
360 3135 483 3207 solum
508 3148 674 3233 poterat,
700 3132 765 3206 sed
786 3133 935 3206 assidue
957 3133 1116 3230 jacebat.

108 3253 185 3324 Etsi
201 3275 329 3349 neque
349 3251 504 3324 elatiore
525 3245 689 3324 cubabat
702 3238 845 3352 capite,
865 3270 935 3322 nec
954 3250 1121 3324 tumidos
1192 3267 1208 3292 ·

109 3367 274 3442 babebat
288 3368 421 3467 pedes3
440 3367 592 3468 quaesivi
604 3382 750 3458 umen,
770 3392 862 3438 num
877 3369 1010 3466 primis
1023 3366 1122 3441 forte
