2750 4658
143 445 214 492 Lm.
242 444 284 492 11.
312 444 362 492 DE
385 404 522 494 moenis
547 445 742 514 ruentem,
767 449 879 500 nmsr.
905 453 978 502 XVI·
1009 457 1074 530 271

2 631 5 635 ‚
63 563 245 656 strepitus
263 555 415 654 quidem
424 557 625 656 nullmffl,
642 583 773 633 verum
784 561 992 660 difficultas
1002 575 1078 666 spi·-

65 672 335 766 randifortis,
353 689 391 782 et
408 699 548 772 ungues
574 677 695 765 lividi,
718 679 777 766 Izi,
803 680 993 781 sicut-ipse
1013 687 1078 768 ali·

63 791 107 864 bi
128 791 184 890 (1)
199 793 313 866 docet
322 793 587 892 Hippocrates,
601 793 710 892 pleni
727 811 812 870 sunt
819 821 931 896 pure.
947 805 994 874 At
1010 805 1078 876 sal·

62 923 166 1000 tem,
187 910 361 1008 inquies,
378 935 425 982 eo
445 913 629 1009 temporis
643 914 762 1010 spatio
782 939 861 1012 quo
878 915 926 989 ab
944 921 1077 1018 exigua
1123 953 1124 956 ¹

61 1029 175 1126 copie
187 1051 286 1125 aqua
304 1026 451 1116 crescit,
466 1051 538 1101 nec
552 1025 600 1100 ad
610 1053 796 1102 summam
809 1045 936 1106 tamen
948 1036 1074 1112 adhuc

62 1145 255 1242 pervenit,
279 1145 359 1242 ejus
377 1143 573 1217 fluctuatio
591 1144 740 1220 videtur
759 1151 904 1248 percipi
921 1150 1072 1230 debere.

60 1262 226 1364 Videtur
235 1263 377 1361 utique.
393 1263 465 1335 Sed
476 1263 630 1362 quidam
645 1279 746 1338 certe
757 1289 838 1338 non
846 1271 1074 1370 percipiunt,

62 1393 109 1452 ut
128 1384 300 1468 senator,
327 1378 373 1452 dc
394 1403 472 1477 quo
492 1379 590 1468 dixi,
611 1383 678 1479 qui
701 1382 845 1456 nullam
861 1384 1075 1462 fluctuatio-

61 1519 155 1568 nem
162 1493 335 1570 humoris
342 1497 382 1568 in
390 1496 545 1572 thorace
555 1520 593 1571 se
604 1499 755 1590 sentire,
763 1509 1003 1597 antrensisse,
1020 1505 1073 1580 al-

61 1613 266 1688 firmabat:
287 1614 351 1688 alii
368 1639 448 1688 non
467 1615 669 1690 attendunt
688 1641 697 1688 ε
717 1618 780 1689 alii
802 1619 967 1718 denique
992 1648 1072 1698 non

61 1733 421 1824 indicantmedici53
443 1735 549 1832 signa
565 1750 690 1808 autem
707 1735 854 1834 reliqua
873 1752 964 1812 tunc
975 1739 1071 1814 adeo

61 1876 205 1951 pauca,
220 1851 334 1943 levia,
349 1866 386 1924 et
404 1851 549 1926 morbis
563 1853 643 1925 eliis
662 1854 880 1926 communia
894 1879 972 1930 esse
982 1881 1075 1956 pos-

63 1985 169 2059 sunt,
186 1984 229 2042 ut
253 1970 371 2069 siquis
390 1969 437 2042 de
455 1969 524 2042 illo
545 1972 774 2070 interroget,
799 1987 935 2070 praeter
957 1977 1072 2048 ratio-

63 2111 155 2158 nem
174 2085 214 2158 id
231 2085 351 2162 lucere
370 2087 557 2160 videatur:
570 2088 739 2162 humeris
753 2113 844 2162 vero
860 2091 1073 2189 apprehen·

63 2204 171 2293 dere,
188 2219 227 2276 et
245 2219 466 2294 concutere,
482 2219 546 2276 aut
562 2205 669 2277 aliter
686 2207 825 2304 agitare
842 2231 922 2278 non
941 2231 1073 2284 omnes

63 2345 183 2420 aegros
198 2341 289 2396 sane
304 2321 401 2394 lieet
416 2323 508 2414 Quas
522 2319 635 2421 plane
651 2321 797 2396 ridebis
817 2323 857 2395 in
872 2349 920 2397 eo
939 2327 1006 2426 qui
1017 2353 1072 2400 se·

62 2441 215 2538 quitur,
232 2463 322 2512 casu
341 2438 573 2541 convenisse.
674 2460 677 2464 ·

112 2558 172 2630 38.
201 2557 337 2632 Mulier
355 2559 561 2647 rusticana,
582 2579 662 2628 non
683 2557 805 2632 multo
824 2559 946 2658 major
963 2564 1075 2636 annis,
1108 2604 1110 2610 ·
1205 2589 1208 2594 ’

62 2675 198 2774 viginti
216 2675 404 2774 quinque,
417 2673 520 2766 albo,
536 2673 751 2774 pallidaque
762 2673 865 2766 facie,
881 2701 970 2752 cum
984 2692 1071 2754 ante

63 2808 232 2892 quatuor
251 2794 442 2892 nupsisset
464 2815 632 2882 menses,
652 2791 702 2864 ad
722 2807 799 2866 tres
820 2809 972 2868 uterum
993 2799 1071 2895 jam
1196 2803 1199 2810 ’

65 2910 223 3002 ferebat,
241 2935 329 2984 cum
348 2909 399 2982 ob
412 2907 633 2984 febriculam
651 2910 857 3008 quamdam
875 2916 1072 2988 erraticam
1127 2997 1128 3011 χ

62 3032 104 3102 in
124 3029 390 3104 nosocomium
410 3030 631 3100 Patauinum
651 3043 808 3127 excepta
831 3044 904 3118 est,
931 3032 971 3100 in
992 3055 1071 3128 quo

64 3170 254 3235 mensem,
270 3161 336 3218 aut
351 3170 397 3218 eo
411 3145 575 3244 amplius
587 3142 784 3223 decubuit.
806 3143 938 3218 Pulsus
950 3172 1075 3246 neque

64 3244 229 3362 paruus,¹
241 3285 367 3362 neque
386 3263 648 3336 intermittens.
667 3261 752 3335 Sitis
771 3260 896 3352 nulla;
911 3264 980 3336 etsi
995 3262 1073 3339 lere

64 3379 254 3454 fructibus
271 3379 513 3470 vescebatur3
530 3377 636 3478 quod
652 3380 692 3452 in
706 3375 862 3477 gravida·
872 3403 952 3452 non
964 3382 1074 3454 mira-

65 3498 220 3574 bantur.
230 3498 363 3572 Nullus
381 3497 523 3596 pedum
535 3512 674 3571 tumor.
692 3497 811 3569 Nullae
824 3497 939 3568 animi
948 3497 1074 3574 defec-

66 3619 203 3688 tiones.
220 3617 352 3714 Neque
374 3615 421 3689 de
437 3616 608 3716 angustia
626 3613 673 3687 ad
691 3637 773 3702 cor,
790 3629 856 3686 aut
871 3619 1074 3710 anxietate,

78 3999 82 4006 ·
111 3987 156 4067 (ι)
177 3989 268 4048 Coeo.
281 3989 409 4049 emat.
