2766 4670
299 409 366 485 108
458 433 505 482 nn
531 432 676 484 samaos
701 431 746 482 m
771 430 897 482 causis
923 431 1133 482 uoaaonma

295 548 417 620 multo
445 549 572 620 minor
595 547 909 621 foraminulorum
933 535 1210 644 ejusdemmodi
1237 568 1322 618 nu·

293 691 422 739 merus
435 663 523 738 inde
537 682 636 755 erat,
653 691 767 765 quam
782 665 884 738 hine.
901 667 974 738 std
989 665 1068 738 haec
1083 666 1207 738 rarior
1221 665 1323 736 inae-

296 784 419 884 qualis
441 785 496 856 vis
523 781 723 858 olfaciendi
740 809 849 858 causa
870 798 946 873 est3
975 784 1039 856 illa
1066 781 1322 882 frequentior

298 901 421 1001 quod,
441 917 482 973 ut
495 903 584 973 olim
601 902 655 999 (ι)
672 928 827 1000 quoque
846 901 1130 988 adnotavimus,
1153 915 1320 1000 septum

297 1020 379 1092 nasi
393 1019 433 1090 in
452 1019 674 1093 alterutrum
686 1020 802 1110 latus,
821 1044 891 1092 nec
906 1019 1073 1108 modice,
1092 1018 1315 1115 inquibus

262 1125 265 1136 ’
297 1137 384 1210 dam
398 1151 591 1226 curvatur,
605 1152 646 1209 ut
658 1137 761 1210 illinc
776 1137 930 1234 quidem
940 1134 1140 1210 odoriferis
1151 1159 1320 1234 corpusr

297 1255 395 1328 culis
409 1255 540 1328 altiora
565 1270 677 1354 atque
701 1253 882 1327 ulteriora
904 1253 1084 1328 subituris
1102 1277 1241 1352 magna
1263 1277 1313 1324 ex

297 1385 403 1470 parte
424 1395 462 1444 se
482 1371 643 1468 objiciat.
665 1373 755 1461 Quae
776 1395 835 1444 res
853 1396 938 1443 cum
955 1370 1057 1442 haud
1071 1371 1212 1441 raroin
1223 1370 1311 1441 nasi

297 1504 471 1562 anatome
495 1505 691 1578 occurrat3
716 1489 867 1561 videant
889 1489 1075 1587 chirurgi,
1100 1512 1149 1558 ne
1180 1489 1221 1558 in
1244 1512 1310 1560 re-

298 1606 460 1678 conditis
487 1608 567 1705 ejus
598 1608 695 1679 vitiis
728 1607 987 1706 explorandis,
1013 1605 1238 1678 curandisve
1267 1604 1309 1676 id

299 1749 454 1823 quoque
474 1749 494 1794 a
513 1726 686 1824 prasenti
712 1723 848 1797 morbo
868 1749 947 1798 esse
973 1748 1122 1822 semper
1147 1721 1312 1796 credant

297 1843 405 1942 quod
423 1868 518 1942 saepe
537 1841 709 1932 aliunde,
727 1859 764 1914 et
783 1842 915 1941 sapius
926 1841 973 1914 ab
991 1843 1071 1940 ipsa
1083 1855 1221 1913 natura
1239 1853 1307 1926 est,

296 1976 362 2034 aut
383 1960 617 2035 tantumdem
636 1961 744 2060 spatii
769 1960 809 2032 in
828 1960 946 2034 altero
966 1960 1047 2032 nasi
1065 1982 1157 2030 cavo
1175 1981 1216 2030 se
1238 1956 1308 2028 ha·

296 2077 468 2168 bituros,
485 2094 668 2178 quantum
686 2080 725 2149 in
742 2079 917 2178 opposito
934 2077 1170 2165 invenerint,
1191 2075 1242 2148 ab
1262 2075 1307 2146 iis

297 2197 446 2296 decepti
463 2199 549 2294 qui,
570 2197 757 2295 ejusmodi
774 2198 989 2272 varietatem
1011 2219 1090 2266 non
1106 2192 1307 2266 attenden-

296 2328 378 2404 tes,
407 2313 579 2387 absolute
606 2315 812 2388 scribunt«
828 2339 962 2386 nasum
981 2337 1059 2386 esse
1081 2310 1246 2386 divisum
1258 2311 1310 2382 ‚in

298 2461 317 2498 υ
342 2431 436 2504 duas
453 2455 608 2529 magnas
619 2458 748 2506 caveas
765 2432 925 2531 aequales
943 2455 1013 2530 per
1028 2443 1178 2528 septum
1187 2429 1311 2500 inter-

298 2530 324 2616 a
342 2551 517 2647 positum.
540 2581 557 2616 »
576 2551 670 2622 Huic
691 2552 888 2652 oppositus
909 2563 965 2622 est
981 2572 1088 2620 error
1106 2547 1223 2635 alter,
1240 2569 1310 2616 eo·

301 2689 388 2737 rum
408 2667 603 2757 videlicet,
617 2671 686 2766 qui
710 2684 859 2768 septum
879 2691 974 2756 esse,
993 2665 1122 2753 aiunt,
1139 2688 1310 2762 semper,

300 2789 334 2854 si
342 2808 487 2882 pueros
502 2791 684 2886 exemtus,
700 2811 829 2860 versus
845 2783 1067 2856 alterutrum
1087 2781 1188 2852 latus
1201 2779 1307 2852 incli-

300 2916 440 2972 natum.
459 2902 554 2974 Mihi
569 2903 745 3002 quidem,
763 2905 803 2976 in
820 2902 891 2976 hac
909 2915 1103 2975 anatomes
1113 2914 1220 2998 parte
1231 2895 1308 2970 fre-

299 3021 543 3118 quentissime
561 3038 732 3110 versato,
741 3037 784 3094 ut
802 3035 907 3120 septa
924 3019 1044 3092 multa
1063 3016 1193 3090 videre
1215 3040 1308 3088 con-

298 3140 382 3238 tigit
394 3139 479 3238 plus
496 3141 621 3222 minus
635 3154 806 3238 curvata3
822 3139 873 3211 sic
886 3139 996 3210 etiam
1013 3136 1132 3208 multa
1143 3159 1185 3206 se
1197 3133 1310 3207 obtu-

299 3256 426 3329 lerunt
451 3259 529 3332 sine
564 3259 762 3347 curvitate,
785 3271 851 3330 aut
874 3255 1122 3328 inclinatione
1148 3254 1189 3324 in
1208 3253 1309 3352 ¹ipsis

299 3371 514 3446 adultorum
529 3375 755 3475 corporibus
773 3403 780 3445 ε
801 3389 844 3447 ut
860 3397 1078 3474 quanquam
1095 3372 1204 3458 inter¹
1218 3395 1307 3444 cau·
1343 3421 1345 3428 ι

216 3588 219 3593 ,
300 3514 357 3562 sas
377 3492 482 3564 malae
502 3492 617 3590 hujus
635 3490 947 3567 conformationis
970 3515 1050 3564 esse
1075 3512 1207 3589 posse,
1224 3514 1304 3560 non

298 3631 456 3708 negem,
472 3611 630 3684 celerius
656 3637 732 3710 prae
757 3612 898 3684 caeteris
922 3607 1128 3708 superioris
1148 3606 1307 3680 maxilla

338 3967 383 4045 (ι)
401 3969 526 4028 Advers.
545 3971 635 4030 Anat.
648 3970 684 4042 6,
702 3971 734 4028 in
750 3973 829 4032 calce
842 3969 975 4063 Erplic„
990 3969 1050 4028 tab.
1066 3923 1111 4058 ¹av
