2750 4658
308 400 382 480 2290
474 405 520 450 or.
546 397 693 452 seorsus
717 400 761 450 rr
786 401 910 451 causrs
936 403 1147 454 uousoauur
1225 396 1229 402 '

306 520 399 607 hoc,
428 539 542 614 quam
563 519 602 586 in
621 513 785 588 thoracis
803 515 994 615 hydrope,
1021 519 1191 594 accidere
1217 522 1299 598 dice·

307 635 519 723 hantur3tu
528 657 619 705 vero
629 635 669 704 in
681 633 787 704 nulla
797 634 1299 726 seuVal'salvae‚seuVieusse

304 755 359 826 nii
369 809 378 842 ,
390 753 455 826 sed
466 769 594 826 nostra
607 751 683 824 sive
692 750 927 840 alterutrius,
940 754 1016 825 sive
1030 757 1229 888 utriusque
1244 759 1299 856 hy·

303 871 435 970 dropis
449 871 711 943 observatione
722 868 823 966 leges
835 887 1081 959 memoratas,
1096 874 1174 946 imo
1184 876 1222 946 in
1237 877 1300 974 qui·

304 989 464 1061 busdam
493 1014 540 1058 ex
561 984 758 1082 nostris(1
772 985 973 1082 )iurenies
992 987 1129 1063 diserte
1147 1007 1299 1090 negatas,

302 1110 365 1179 vix
383 1109 422 1178 in
440 1118 650 1205 postrema,
669 1129 753 1201 quae
769 1103 956 1178 hibertini
971 1107 1073 1205 est(2
1054 1107 1300 1206 aquadaute)·

303 1251 375 1298 nus
392 1224 583 1296 indicatas.
601 1227 688 1294 Non
706 1221 882 1318 equidem
902 1222 1094 1314 inficior,
1084 1251 1124 1308 m
1144 1229 1190 1301 iis
1207 1227 1300 1300 fuisse

301 1365 470 1444 'quorum
490 1341 655 1413 historice
670 1365 690 1410 a
707 1339 883 1411 Fischero
900 1339 971 1439 (3),
990 1368 1011 1414 a
1027 1345 1237 1420 Reimanno
1248 1346 1301 1444 (4),

301 1485 323 1533 a
339 1461 467 1532 Lowio
477 1459 531 1558 (5)
543 1514 552 1547 ,
564 1458 611 1530 ab
626 1453 858 1529 Hoffmanno
867 1456 921 1554 (6)
932 1460 1075 1532 tradita¹
1085 1480 1187 1535 sunt.
1205 1465 1269 1537 Sed
1279 1466 1302 1537 si

301 1577 501 1680 pericardii
510 1576 680 1674 hydrops
691 1599 778 1646 cum
789 1599 940 1647 summo
952 1578 1189 1652 exdiuturna
1199 1581 1302 1656 hecti·

302 1723 344 1770 ca
358 1696 462 1771 febre
475 1696 675 1794 languore,
684 1695 715 1766 si
728 1717 815 1765 cum
829 1694 1067 1768 valvularum
1079 1699 1207 1773 cordis
1216 1701 1300 1801 vitio,

301 1818 331 1892 si
344 1841 431 1890 cum
442 1815 608 1887 thoracis
620 1811 796 1910 hydrope
813 1812 854 1882 in
869 1811 993 1885 tribus
1003 1817 1110 1915 aegris
1124 1817 1300 1916 prioribus

298 1936 528 2032 'conjunctus
539 1945 868 2028 erat3nempeuna
878 1928 995 2005 ferme
1005 1935 1300 2008 restatfloffmau·
1358 2025 1359 2028 ¹

300 2057 341 2125 ni
353 2053 466 2125 vidua
480 2053 519 2122 in
535 2074 610 2148 qua
624 2048 802 2120 morbum
811 2049 936 2146 ipsum
946 2051 993 2122 de
1012 2077 1090 2150 quo
1103 2053 1300 2153 loquimur,
1358 2053 1359 2122 i

302 2171 468 2270 deliquia
479 2170 594 2242 animi
608 2183 645 2241 et
658 2165 850 2240 crebriora
862 2167 1020 2266 quidem
1041 2173 1219 2245 comitata
1237 2195 1299 2245 esse

302 2290 427 2362 sciam.
448 2289 535 2379 Quo
561 2285 677 2386 igitur
701 2283 818 2357 modo
845 2311 887 2358 ea
909 2288 1051 2386 possim
1063 2317 1080 2378 ,·
1095 2291 1240 2363 etiamsi
1257 2303 1300 2361 tot

294 2406 382 2478 'aliis
397 2429 477 2476 non
492 2404 743 2475 convenirent
761 2403 924 2494 morbis,
942 2406 982 2476 in
1001 2404 1076 2477 hoc
1096 2387 1230 2506 saepius
1248 2406 1300 2480 ob·

294 2513 441 2596 servari
456 2521 563 2594 solita
576 2545 655 2594 esse
669 2519 795 2594 dicere
807 2522 822 2592 ἓ
834 2527 952 2594 Porro
974 2525 1195 2598 tussiculam
1215 2527 1300 2598 illam

301 2642 439 2712 siccam
449 2635 618 2737 quaesere
631 2639 753 2734 major
765 2640 804 2710 in
815 2641 1034 2737 pericardii,
1047 2646 1216 2740 quamin
1227 2643 1301 2716 tho·

301 2759 412 2847 racis,
429 2757 602 2856 hydrope
619 2756 929 2854 proponebatur,
947 2784 1040 2844 num
1059 2763 1242 2858 majorem
1255 2761 1299 2833 le-

301 2875 387 2974 gisti
405 2875 445 2946 in
469 2876 514 2948 iis
535 2899 632 2973 quos
656 2888 823 2972 utroque
843 2871 997 2950 affectos
1021 2877 1299 2978 descripsimus?
1357 2967 1358 2988 .

299 2995 346 3066 In
364 2992 436 3066 illis
456 3007 556 3065 certe
576 3015 672 3089 quos
693 3016 764 3088 ego
787 2989 885 3081 vidi,
913 3017 960 3064 ne
988 2997 1211 3068 nominatur
1235 2993 1300 3092 qui·
1357 3029 1358 3038 ³

300 3110 408 3202 dem,
430 3111 460 3184 si
479 3109 678 3182 mulierem
694 3133 811 3180 unam
831 3110 993 3208 excipias
1007 3137 1016 3181 ε
1030 3115 1071 3183 in
1085 3114 1170 3186 'viro
1186 3125 1298 3184 autem

331 3458 603 3538 (QNffimffi.

341 3557 385 3637 <o
406 3561 444 3616 u·
463 3560 511 3626 a

339 3658 797 3736 ωω.Ν.ωψ8ὼῇ

298 3773 304 3780 ·
339 3757 384 3836 (t)
404 3758 548 3816 Eorumd.
567 3770 640 3815 tom
655 3775 682 3830 1,
698 3758 763 3816 obs
782 3773 848 3831 170.

339 3857 384 3936 (5)
404 3854 481 3935 Eph
496 3861 535 3915 N.
549 3860 581 3916 C.
595 3860 668 3915 Dec.
685 3860 718 3931 3,
733 3861 771 3916 A.
789 3855 821 3931 6,
835 3857 899 3916 obs.
918 3856 983 3932 164.

337 3959 382 4037 46)
403 3959 476 4016 Obs.
491 3965 522 4032 4,
538 3978 629 4036 supra
643 3959 693 4017 cit.
708 3961 747 4018 ad
763 3980 794 4017 n.
811 3964 858 4027 44.
