<?xml version="1.0" encoding="UTF-8"?>
<!DOCTYPE html PUBLIC "-//W3C//DTD XHTML 1.0 Transitional//EN"
    "http://www.w3.org/TR/xhtml1/DTD/xhtml1-transitional.dtd">
<html xmlns="http://www.w3.org/1999/xhtml" xml:lang="en" lang="en">
 <head>
  <title>
</title>
<meta http-equiv="Content-Type" content="text/html;charset=utf-8" />
  <meta name='ocr-system' content='tesseract 3.04.00' />
  <meta name='ocr-capabilities' content='ocr_page ocr_carea ocr_par ocr_line ocrx_word'/>
</head>
<body>
  <div class='ocr_page' id='page_1' title='image "./desedibusetcaus00chaugoog_0443.png"; bbox 0 0 2820 4662; ppageno 0'>
   <div class='ocr_carea' id='block_1_1' title="bbox 285 405 1175 506">
    <p class='ocr_par' dir='ltr' id='par_1_1' title="bbox 285 405 1175 506">
     <span class='ocr_line' id='line_1_1' title="bbox 285 405 1175 506; baseline -0.002 -28"><span class='ocrx_word' id='word_1_1' title='bbox 285 405 355 496; x_wconf 71' lang='lat' dir='ltr'><strong>tiltss</strong></span> <span class='ocrx_word' id='word_1_2' title='bbox 448 421 495 474; x_wconf 81' lang='lat' dir='ltr'><strong>nr</strong></span> <span class='ocrx_word' id='word_1_3' title='bbox 522 419 667 474; x_wconf 80' lang='lat' dir='ltr'><strong>surmus</strong></span> <span class='ocrx_word' id='word_1_4' title='bbox 692 423 736 472; x_wconf 77' lang='lat' dir='ltr'><strong>nr</strong></span> <span class='ocrx_word' id='word_1_5' title='bbox 761 421 885 472; x_wconf 82' lang='lat' dir='ltr'><strong>causis</strong></span> <span class='ocrx_word' id='word_1_6' title='bbox 909 423 1121 476; x_wconf 73' lang='lat' dir='ltr'><strong>monacnum</strong></span> <span class='ocrx_word' id='word_1_7' title='bbox 1172 499 1175 506; x_wconf 13' lang='lat' dir='ltr'>A</span> 
     </span>
    </p>
   </div>
   <div class='ocr_carea' id='block_1_2' title="bbox 272 537 1404 3934">
    <p class='ocr_par' dir='ltr' id='par_1_2' title="bbox 285 537 1404 1340">
     <span class='ocr_line' id='line_1_2' title="bbox 285 537 1293 640; baseline 0.001 -26"><span class='ocrx_word' id='word_1_8' title='bbox 285 569 371 617; x_wconf 87' lang='lat' dir='ltr'><strong>vasa</strong></span> <span class='ocrx_word' id='word_1_9' title='bbox 385 541 571 618; x_wconf 89' lang='lat' dir='ltr'><strong>nonnulla</strong></span> <span class='ocrx_word' id='word_1_10' title='bbox 589 539 685 611; x_wconf 86' lang='lat' dir='ltr'><strong>circa</strong></span> <span class='ocrx_word' id='word_1_11' title='bbox 703 537 894 612; x_wconf 88' lang='lat' dir='ltr'><strong>lumbares</strong></span> <span class='ocrx_word' id='word_1_12' title='bbox 911 537 1126 637; x_wconf 76' lang='lat' dir='ltr'><strong>glandulas,</strong></span> <span class='ocrx_word' id='word_1_13' title='bbox 1144 541 1193 614; x_wconf 90' lang='lat' dir='ltr'><strong>ad</strong></span> <span class='ocrx_word' id='word_1_14' title='bbox 1202 563 1293 640; x_wconf 86' lang='lat' dir='ltr'><strong>quas</strong></span> 
     </span>
     <span class='ocr_line' id='line_1_3' title="bbox 287 639 1295 753; baseline 0.004 -19"><span class='ocrx_word' id='word_1_15' title='bbox 287 661 456 734; x_wconf 82' lang='lat' dir='ltr'><strong>desinere</strong></span> <span class='ocrx_word' id='word_1_16' title='bbox 473 656 717 744; x_wconf 72' lang='lat' dir='ltr'><strong>videbantur,</strong></span> <span class='ocrx_word' id='word_1_17' title='bbox 736 671 935 753; x_wconf 88' lang='lat' dir='ltr'><strong>conspecta</strong></span> <span class='ocrx_word' id='word_1_18' title='bbox 953 669 1051 730; x_wconf 88' lang='lat' dir='ltr'><strong>sunt.</strong></span> <span class='ocrx_word' id='word_1_19' title='bbox 1074 663 1119 731; x_wconf 89' lang='lat' dir='ltr'><strong>In</strong></span> <span class='ocrx_word' id='word_1_20' title='bbox 1136 639 1295 737; x_wconf 75' lang='lat' dir='ltr'><strong>thorace</strong></span> 
     </span>
     <span class='ocr_line' id='line_1_4' title="bbox 289 773 1296 878; baseline 0.004 -30"><span class='ocrx_word' id='word_1_21' title='bbox 289 780 509 878; x_wconf 86' lang='lat' dir='ltr'><strong>pulmones,</strong></span> <span class='ocrx_word' id='word_1_22' title='bbox 533 777 601 872; x_wconf 92' lang='lat' dir='ltr'><strong>qui</strong></span> <span class='ocrx_word' id='word_1_23' title='bbox 618 774 664 845; x_wconf 87' lang='lat' dir='ltr'><strong>ad</strong></span> <span class='ocrx_word' id='word_1_24' title='bbox 684 774 855 871; x_wconf 90' lang='lat' dir='ltr'><strong>pleuram</strong></span> <span class='ocrx_word' id='word_1_25' title='bbox 873 773 1000 864; x_wconf 85' lang='lat' dir='ltr'><strong>amb0,</strong></span> <span class='ocrx_word' id='word_1_26' title='bbox 1022 782 1296 876; x_wconf 85' lang='lat' dir='ltr'><strong>et&#39;praesertim</strong></span> 
     </span>
     <span class='ocr_line' id='line_1_5' title="bbox 291 890 1404 994; baseline -0.004 -26"><span class='ocrx_word' id='word_1_27' title='bbox 291 896 439 982; x_wconf 84' lang='lat' dir='ltr'>dexter,</span> <span class='ocrx_word' id='word_1_28' title='bbox 455 895 507 966; x_wconf 90' lang='lat' dir='ltr'><strong>sic</strong></span> <span class='ocrx_word' id='word_1_29' title='bbox 522 890 777 979; x_wconf 74' lang='lat' dir='ltr'><strong>adhaerebant,</strong></span> <span class='ocrx_word' id='word_1_30' title='bbox 800 905 844 964; x_wconf 84' lang='lat' dir='ltr'><strong>ut</strong></span> <span class='ocrx_word' id='word_1_31' title='bbox 865 893 1028 990; x_wconf 88' lang='lat' dir='ltr'><strong>separari</strong></span> <span class='ocrx_word' id='word_1_32' title='bbox 1043 895 1107 966; x_wconf 83' lang='lat' dir='ltr'><strong>vix</strong></span> <span class='ocrx_word' id='word_1_33' title='bbox 1121 906 1297 994; x_wconf 79' lang='lat' dir='ltr'><strong>possent,</strong></span> <span class='ocrx_word' id='word_1_34' title='bbox 1403 959 1404 963; x_wconf 73' lang='grc'>,</span> 
     </span>
     <span class='ocr_line' id='line_1_6' title="bbox 290 1007 1403 1112; baseline 0.004 -27"><span class='ocrx_word' id='word_1_35' title='bbox 290 1038 312 1086; x_wconf 85' lang='lat' dir='ltr'><strong>a</strong></span> <span class='ocrx_word' id='word_1_36' title='bbox 331 1028 436 1112; x_wconf 86' lang='lat' dir='ltr'><strong>tergo</strong></span> <span class='ocrx_word' id='word_1_37' title='bbox 447 1009 635 1082; x_wconf 80' lang='lat' dir='ltr'><strong>subrubri.</strong></span> <span class='ocrx_word' id='word_1_38' title='bbox 650 1009 841 1106; x_wconf 86' lang='lat' dir='ltr'><strong>Polyposae</strong></span> <span class='ocrx_word' id='word_1_39' title='bbox 851 1007 1114 1086; x_wconf 82' lang='lat' dir='ltr'><strong>concretiones</strong></span> <span class='ocrx_word' id='word_1_40' title='bbox 1126 1013 1172 1084; x_wconf 85' lang='lat' dir='ltr'><strong>in</strong></span> <span class='ocrx_word' id='word_1_41' title='bbox 1187 1015 1298 1089; x_wconf 89' lang='lat' dir='ltr'><strong>corde</strong></span> <span class='ocrx_word' id='word_1_42' title='bbox 1400 1078 1403 1097; x_wconf 43' lang='grc' dir='ltr'>ι</span> 
     </span>
     <span class='ocr_line' id='line_1_7' title="bbox 288 1116 1403 1230; baseline 0.001 -27"><span class='ocrx_word' id='word_1_43' title='bbox 288 1130 412 1203; x_wconf 84' lang='lat' dir='ltr'><strong>nullae.</strong></span> <span class='ocrx_word' id='word_1_44' title='bbox 441 1133 483 1196; x_wconf 91' lang='lat' dir='ltr'><strong>ln</strong></span> <span class='ocrx_word' id='word_1_45' title='bbox 509 1127 628 1223; x_wconf 87' lang='lat' dir='ltr'><strong>capite</strong></span> <span class='ocrx_word' id='word_1_46' title='bbox 653 1122 864 1223; x_wconf 84' lang='lat' dir='ltr'><strong>sanguifera</strong></span> <span class='ocrx_word' id='word_1_47' title='bbox 885 1127 1077 1202; x_wconf 86' lang='lat' dir='ltr'><strong>crassioris</strong></span> <span class='ocrx_word' id='word_1_48' title='bbox 1110 1133 1298 1230; x_wconf 85' lang='lat' dir='ltr'><strong>meningis</strong></span> <span class='ocrx_word' id='word_1_49' title='bbox 1400 1116 1403 1129; x_wconf 59' lang='lat'><strong>¹</strong></span> 
     </span>
     <span class='ocr_line' id='line_1_8' title="bbox 292 1242 743 1340; baseline -0.013 -22"><span class='ocrx_word' id='word_1_50' title='bbox 292 1272 378 1320; x_wconf 89' lang='lat' dir='ltr'><strong>vasa</strong></span> <span class='ocrx_word' id='word_1_51' title='bbox 394 1243 570 1316; x_wconf 86' lang='lat' dir='ltr'><strong>nonnihil</strong></span> <span class='ocrx_word' id='word_1_52' title='bbox 584 1242 743 1340; x_wconf 81' lang='lat' dir='ltr'><strong>turgida.</strong></span> 
     </span>
    </p>

    <p class='ocr_par' dir='ltr' id='par_1_3' title="bbox 272 1360 1401 3934">
     <span class='ocr_line' id='line_1_9' title="bbox 344 1360 1301 1462; baseline 0.005 -28"><span class='ocrx_word' id='word_1_53' title='bbox 344 1363 375 1434; x_wconf 89' lang='lat'><strong>8.</strong></span> <span class='ocrx_word' id='word_1_54' title='bbox 395 1363 462 1434; x_wconf 91' lang='lat' dir='ltr'><strong>Vir</strong></span> <span class='ocrx_word' id='word_1_55' title='bbox 474 1361 638 1461; x_wconf 84' lang='lat' dir='ltr'><strong>gracilis,</strong></span> <span class='ocrx_word' id='word_1_56' title='bbox 656 1360 891 1434; x_wconf 88' lang='lat' dir='ltr'><strong>consistentis</strong></span> <span class='ocrx_word' id='word_1_57' title='bbox 901 1361 1037 1451; x_wconf 85' lang='lat' dir='ltr'><strong>aetatis,</strong></span> <span class='ocrx_word' id='word_1_58' title='bbox 1053 1361 1105 1434; x_wconf 90' lang='lat' dir='ltr'><strong>ob</strong></span> <span class='ocrx_word' id='word_1_59' title='bbox 1118 1363 1233 1462; x_wconf 89' lang='lat' dir='ltr'><strong>plura</strong></span> <span class='ocrx_word' id='word_1_60' title='bbox 1244 1419 1253 1454; x_wconf 95' lang='lat'><strong>,</strong></span> <span class='ocrx_word' id='word_1_61' title='bbox 1266 1380 1301 1439; x_wconf 90' lang='lat' dir='ltr'><strong>et</strong></span> 
     </span>
     <span class='ocr_line' id='line_1_10' title="bbox 295 1476 1401 1582; baseline 0.002 -30"><span class='ocrx_word' id='word_1_62' title='bbox 295 1503 431 1578; x_wconf 85' lang='lat' dir='ltr'><strong>magna</strong></span> <span class='ocrx_word' id='word_1_63' title='bbox 448 1481 546 1550; x_wconf 88' lang='lat' dir='ltr'><strong>furta</strong></span> <span class='ocrx_word' id='word_1_64' title='bbox 562 1477 813 1574; x_wconf 87' lang='lat' dir='ltr'><strong>suspenditur.</strong></span> <span class='ocrx_word' id='word_1_65' title='bbox 823 1476 892 1549; x_wconf 90' lang='lat' dir='ltr'><strong>Hic</strong></span> <span class='ocrx_word' id='word_1_66' title='bbox 904 1501 972 1576; x_wconf 91' lang='lat' dir='ltr'><strong>per</strong></span> <span class='ocrx_word' id='word_1_67' title='bbox 985 1479 1186 1582; x_wconf 80' lang='lat' dir='ltr'><strong>intervalla</strong></span> <span class='ocrx_word' id='word_1_68' title='bbox 1197 1537 1207 1573; x_wconf 89' lang='lat'><strong>,</strong></span> <span class='ocrx_word' id='word_1_69' title='bbox 1220 1507 1302 1582; x_wconf 82' lang='lat' dir='ltr'><strong>pra·</strong></span> <span class='ocrx_word' id='word_1_70' title='bbox 1400 1573 1401 1580; x_wconf 6' lang='grc' dir='ltr'>ἵ</span> 
     </span>
     <span class='ocr_line' id='line_1_11' title="bbox 297 1593 1300 1708; baseline -0.003 -35"><span class='ocrx_word' id='word_1_71' title='bbox 297 1601 423 1673; x_wconf 87' lang='lat' dir='ltr'><strong>sertim</strong></span> <span class='ocrx_word' id='word_1_72' title='bbox 441 1599 540 1667; x_wconf 86' lang='lat' dir='ltr'><strong>inter</strong></span> <span class='ocrx_word' id='word_1_73' title='bbox 557 1594 844 1684; x_wconf 87' lang='lat' dir='ltr'><strong>ambulandum,</strong></span> <span class='ocrx_word' id='word_1_74' title='bbox 868 1593 1057 1708; x_wconf 85' lang='lat' dir='ltr'><strong>obnoxius</strong></span> <span class='ocrx_word' id='word_1_75' title='bbox 1077 1595 1206 1670; x_wconf 87' lang='lat' dir='ltr'><strong>fuerat</strong></span> <span class='ocrx_word' id='word_1_76' title='bbox 1231 1600 1300 1700; x_wconf 91' lang='lat' dir='ltr'><strong>spi-</strong></span> 
     </span>
     <span class='ocr_line' id='line_1_12' title="bbox 295 1705 1302 1810; baseline 0 -21"><span class='ocrx_word' id='word_1_77' title='bbox 295 1705 405 1789; x_wconf 83' lang='lat' dir='ltr'><strong>randi</strong></span> <span class='ocrx_word' id='word_1_78' title='bbox 437 1713 670 1800; x_wconf 86' lang='lat' dir='ltr'><strong>difficultati,</strong></span> <span class='ocrx_word' id='word_1_79' title='bbox 690 1715 859 1810; x_wconf 86' lang='lat' dir='ltr'><strong>tussique</strong></span> <span class='ocrx_word' id='word_1_80' title='bbox 887 1715 1061 1788; x_wconf 71' lang='lat' dir='ltr'><strong>moleste.</strong></span> <span class='ocrx_word' id='word_1_81' title='bbox 1096 1721 1244 1792; x_wconf 83' lang='lat' dir='ltr'><strong>Ventre</strong></span> <span class='ocrx_word' id='word_1_82' title='bbox 1265 1719 1302 1789; x_wconf 89' lang='lat' dir='ltr'><strong>iu</strong></span> 
     </span>
     <span class='ocr_line' id='line_1_13' title="bbox 298 1832 1302 1934; baseline 0.002 -27"><span class='ocrx_word' id='word_1_83' title='bbox 298 1834 452 1934; x_wconf 81' lang='lat' dir='ltr'><strong>publica</strong></span> <span class='ocrx_word' id='word_1_84' title='bbox 476 1847 648 1902; x_wconf 84' lang='lat' dir='ltr'><strong>anatome</strong></span> <span class='ocrx_word' id='word_1_85' title='bbox 671 1832 836 1920; x_wconf 89' lang='lat' dir='ltr'><strong>recluso,</strong></span> <span class='ocrx_word' id='word_1_86' title='bbox 856 1832 1041 1906; x_wconf 91' lang='lat' dir='ltr'><strong>nonnulla</strong></span> <span class='ocrx_word' id='word_1_87' title='bbox 1059 1834 1100 1905; x_wconf 90' lang='lat' dir='ltr'><strong>in</strong></span> <span class='ocrx_word' id='word_1_88' title='bbox 1118 1843 1302 1910; x_wconf 84' lang='lat' dir='ltr'><strong>mesente·</strong></span> 
     </span>
     <span class='ocr_line' id='line_1_14' title="bbox 297 1950 1303 2048; baseline 0.004 -25"><span class='ocrx_word' id='word_1_89' title='bbox 297 1954 356 2024; x_wconf 87' lang='lat' dir='ltr'><strong>rio</strong></span> <span class='ocrx_word' id='word_1_90' title='bbox 384 1974 468 2023; x_wconf 88' lang='lat' dir='ltr'><strong>vasa</strong></span> <span class='ocrx_word' id='word_1_91' title='bbox 494 1951 610 2021; x_wconf 90' lang='lat' dir='ltr'><strong>lactea</strong></span> <span class='ocrx_word' id='word_1_92' title='bbox 634 1951 930 2048; x_wconf 88' lang='lat' dir='ltr'><strong>conspiciuntur.</strong></span> <span class='ocrx_word' id='word_1_93' title='bbox 954 1950 1125 2025; x_wconf 87' lang='lat' dir='ltr'><strong>Thorace</strong></span> <span class='ocrx_word' id='word_1_94' title='bbox 1158 1970 1303 2044; x_wconf 90' lang='lat' dir='ltr'><strong>autem,</strong></span> 
     </span>
     <span class='ocr_line' id='line_1_15' title="bbox 299 2057 1306 2170; baseline 0.005 -30"><span class='ocrx_word' id='word_1_95' title='bbox 299 2071 499 2169; x_wconf 87' lang='lat' dir='ltr'><strong>pulmones</strong></span> <span class='ocrx_word' id='word_1_96' title='bbox 513 2069 624 2142; x_wconf 89' lang='lat' dir='ltr'><strong>variis</strong></span> <span class='ocrx_word' id='word_1_97' title='bbox 643 2057 809 2140; x_wconf 90' lang='lat' dir='ltr'><strong>distincti</strong></span> <span class='ocrx_word' id='word_1_98' title='bbox 822 2070 980 2142; x_wconf 87' lang='lat' dir='ltr'><strong>maculis</strong></span> <span class='ocrx_word' id='word_1_99' title='bbox 998 2072 1105 2167; x_wconf 88' lang='lat' dir='ltr'><strong>quasi</strong></span> <span class='ocrx_word' id='word_1_100' title='bbox 1116 2073 1306 2170; x_wconf 85' lang='lat' dir='ltr'><strong>nigrican-</strong></span> 
     </span>
     <span class='ocr_line' id='line_1_16' title="bbox 291 2187 1307 2289; baseline 0.004 -29"><span class='ocrx_word' id='word_1_101' title='bbox 291 2187 421 2275; x_wconf 76' lang='lat' dir='ltr'><strong>¹tibus,</strong></span> <span class='ocrx_word' id='word_1_102' title='bbox 444 2212 463 2256; x_wconf 88' lang='lat' dir='ltr'><strong>a</strong></span> <span class='ocrx_word' id='word_1_103' title='bbox 483 2188 613 2283; x_wconf 90' lang='lat' dir='ltr'><strong>pleura</strong></span> <span class='ocrx_word' id='word_1_104' title='bbox 629 2201 755 2256; x_wconf 91' lang='lat' dir='ltr'><strong>tamen</strong></span> <span class='ocrx_word' id='word_1_105' title='bbox 778 2187 908 2275; x_wconf 92' lang='lat' dir='ltr'><strong>soluti,</strong></span> <span class='ocrx_word' id='word_1_106' title='bbox 928 2188 959 2260; x_wconf 89' lang='lat' dir='ltr'><strong>si</strong></span> <span class='ocrx_word' id='word_1_107' title='bbox 974 2187 1119 2261; x_wconf 84' lang='lat' dir='ltr'><strong>dexteri</strong></span> <span class='ocrx_word' id='word_1_108' title='bbox 1139 2193 1307 2289; x_wconf 78' lang='lat' dir='ltr'><strong>superio</strong></span> 
     </span>
     <span class='ocr_line' id='line_1_17' title="bbox 300 2302 1307 2406; baseline 0 -28"><span class='ocrx_word' id='word_1_109' title='bbox 300 2329 380 2378; x_wconf 86' lang='lat' dir='ltr'><strong>rem</strong></span> <span class='ocrx_word' id='word_1_110' title='bbox 404 2320 557 2401; x_wconf 87' lang='lat' dir='ltr'><strong>partem·</strong></span> <span class='ocrx_word' id='word_1_111' title='bbox 573 2304 749 2400; x_wconf 81' lang='lat' dir='ltr'><strong>excipias3</strong></span> <span class='ocrx_word' id='word_1_112' title='bbox 778 2329 859 2401; x_wconf 88' lang='lat' dir='ltr'><strong>quae</strong></span> <span class='ocrx_word' id='word_1_113' title='bbox 878 2302 924 2375; x_wconf 87' lang='lat' dir='ltr'><strong>ad</strong></span> <span class='ocrx_word' id='word_1_114' title='bbox 951 2305 1056 2403; x_wconf 91' lang='lat' dir='ltr'><strong>pomi</strong></span> <span class='ocrx_word' id='word_1_115' title='bbox 1075 2307 1307 2406; x_wconf 85' lang='lat' dir='ltr'><strong>magnitudi-</strong></span> 
     </span>
     <span class='ocr_line' id='line_1_18' title="bbox 300 2421 1309 2520; baseline 0.002 -22"><span class='ocrx_word' id='word_1_116' title='bbox 300 2447 390 2498; x_wconf 86' lang='lat' dir='ltr'><strong>nem</strong></span> <span class='ocrx_word' id='word_1_117' title='bbox 409 2436 487 2493; x_wconf 87' lang='lat' dir='ltr'><strong>erat</strong></span> <span class='ocrx_word' id='word_1_118' title='bbox 503 2421 695 2511; x_wconf 89' lang='lat' dir='ltr'><strong>indurata,</strong></span> <span class='ocrx_word' id='word_1_119' title='bbox 713 2436 749 2495; x_wconf 93' lang='lat' dir='ltr'><strong>et</strong></span> <span class='ocrx_word' id='word_1_120' title='bbox 763 2422 945 2520; x_wconf 89' lang='lat' dir='ltr'><strong>peculiari</strong></span> <span class='ocrx_word' id='word_1_121' title='bbox 964 2421 1102 2511; x_wconf 88' lang='lat' dir='ltr'><strong>insecta</strong></span> <span class='ocrx_word' id='word_1_122' title='bbox 1119 2425 1309 2500; x_wconf 85' lang='lat' dir='ltr'><strong>rubedine</strong></span> 
     </span>
     <span class='ocr_line' id='line_1_19' title="bbox 302 2535 1310 2629; baseline 0.005 -17"><span class='ocrx_word' id='word_1_123' title='bbox 302 2567 383 2612; x_wconf 91' lang='lat' dir='ltr'><strong>non</strong></span> <span class='ocrx_word' id='word_1_124' title='bbox 396 2562 503 2611; x_wconf 88' lang='lat' dir='ltr'><strong>secus</strong></span> <span class='ocrx_word' id='word_1_125' title='bbox 517 2563 559 2610; x_wconf 87' lang='lat' dir='ltr'><strong>ac</strong></span> <span class='ocrx_word' id='word_1_126' title='bbox 571 2541 601 2610; x_wconf 92' lang='lat' dir='ltr'><strong>si</strong></span> <span class='ocrx_word' id='word_1_127' title='bbox 613 2538 840 2612; x_wconf 85' lang='lat' dir='ltr'><strong>inflammata</strong></span> <span class='ocrx_word' id='word_1_128' title='bbox 855 2555 965 2629; x_wconf 72' lang='lat' dir='ltr'><strong>esset,</strong></span> <span class='ocrx_word' id='word_1_129' title='bbox 977 2540 1056 2612; x_wconf 87' lang='lat' dir='ltr'><strong>haec</strong></span> <span class='ocrx_word' id='word_1_130' title='bbox 1071 2543 1176 2614; x_wconf 90' lang='lat' dir='ltr'><strong>enim</strong></span> <span class='ocrx_word' id='word_1_131' title='bbox 1190 2535 1310 2617; x_wconf 88' lang='lat' dir='ltr'><strong>valide</strong></span> 
     </span>
     <span class='ocr_line' id='line_1_20' title="bbox 303 2649 1311 2760; baseline 0.005 -31"><span class='ocrx_word' id='word_1_132' title='bbox 303 2657 350 2730; x_wconf 90' lang='lat' dir='ltr'><strong>ad</strong></span> <span class='ocrx_word' id='word_1_133' title='bbox 369 2657 538 2754; x_wconf 90' lang='lat' dir='ltr'><strong>pleuram</strong></span> <span class='ocrx_word' id='word_1_134' title='bbox 561 2649 658 2727; x_wconf 81' lang='lat' dir='ltr'><strong>circa</strong></span> <span class='ocrx_word' id='word_1_135' title='bbox 673 2673 792 2730; x_wconf 89' lang='lat' dir='ltr'><strong>costas</strong></span> <span class='ocrx_word' id='word_1_136' title='bbox 809 2673 846 2730; x_wconf 88' lang='lat' dir='ltr'><strong>et</strong></span> <span class='ocrx_word' id='word_1_137' title='bbox 865 2658 1311 2760; x_wconf 85' lang='lat' dir='ltr'><strong>quaclaviculaerespon-</strong></span> 
     </span>
     <span class='ocr_line' id='line_1_21' title="bbox 304 2771 1311 2874; baseline 0.005 -27"><span class='ocrx_word' id='word_1_138' title='bbox 304 2772 387 2862; x_wconf 88' lang='lat' dir='ltr'><strong>det,</strong></span> <span class='ocrx_word' id='word_1_139' title='bbox 408 2771 688 2845; x_wconf 88' lang='lat' dir='ltr'><strong>annectebatur.</strong></span> <span class='ocrx_word' id='word_1_140' title='bbox 715 2779 768 2850; x_wconf 71' lang='lat' dir='ltr'><strong>In,</strong></span> <span class='ocrx_word' id='word_1_141' title='bbox 786 2775 997 2874; x_wconf 89' lang='lat' dir='ltr'><strong>pericardio</strong></span> <span class='ocrx_word' id='word_1_142' title='bbox 1029 2799 1160 2848; x_wconf 90' lang='lat' dir='ltr'><strong>serum</strong></span> <span class='ocrx_word' id='word_1_143' title='bbox 1179 2781 1242 2852; x_wconf 86' lang='lat' dir='ltr'><strong>vix</strong></span> <span class='ocrx_word' id='word_1_144' title='bbox 1267 2776 1311 2851; x_wconf 88' lang='lat' dir='ltr'><strong>ad</strong></span> 
     </span>
     <span class='ocr_line' id='line_1_22' title="bbox 305 2872 1313 2995; baseline 0 -29"><span class='ocrx_word' id='word_1_145' title='bbox 305 2872 425 2966; x_wconf 66' lang='lat' dir='ltr'><strong>uncia</strong></span> <span class='ocrx_word' id='word_1_146' title='bbox 440 2890 655 2980; x_wconf 62' lang='lat' dir='ltr'><strong>dimidium,</strong></span> <span class='ocrx_word' id='word_1_147' title='bbox 673 2894 712 2962; x_wconf 91' lang='lat' dir='ltr'><strong>in</strong></span> <span class='ocrx_word' id='word_1_148' title='bbox 728 2893 842 2980; x_wconf 88' lang='lat' dir='ltr'><strong>corde</strong></span> <span class='ocrx_word' id='word_1_149' title='bbox 855 2893 983 2965; x_wconf 90' lang='lat' dir='ltr'><strong>nullus</strong></span> <span class='ocrx_word' id='word_1_150' title='bbox 996 2917 1154 2992; x_wconf 86' lang='lat' dir='ltr'><strong>grumus</strong></span> <span class='ocrx_word' id='word_1_151' title='bbox 1169 2898 1313 2995; x_wconf 85' lang='lat' dir='ltr'><strong>sangui·</strong></span> 
     </span>
     <span class='ocr_line' id='line_1_23' title="bbox 305 3010 1312 3111; baseline 0 -28"><span class='ocrx_word' id='word_1_152' title='bbox 305 3013 365 3083; x_wconf 92' lang='lat' dir='ltr'><strong>nis</strong></span> <span class='ocrx_word' id='word_1_153' title='bbox 379 3013 554 3082; x_wconf 81' lang='lat' dir='ltr'><strong>inventus</strong></span> <span class='ocrx_word' id='word_1_154' title='bbox 574 3024 639 3081; x_wconf 92' lang='lat' dir='ltr'><strong>est.</strong></span> <span class='ocrx_word' id='word_1_155' title='bbox 654 3014 699 3080; x_wconf 93' lang='lat' dir='ltr'><strong>In</strong></span> <span class='ocrx_word' id='word_1_156' title='bbox 720 3010 836 3098; x_wconf 82' lang='lat' dir='ltr'><strong>collo,</strong></span> <span class='ocrx_word' id='word_1_157' title='bbox 849 3012 1040 3083; x_wconf 90' lang='lat' dir='ltr'><strong>musculos</strong></span> <span class='ocrx_word' id='word_1_158' title='bbox 1057 3015 1126 3110; x_wconf 92' lang='lat' dir='ltr'><strong>qui</strong></span> <span class='ocrx_word' id='word_1_159' title='bbox 1143 3037 1189 3086; x_wconf 93' lang='lat' dir='ltr'><strong>os</strong></span> <span class='ocrx_word' id='word_1_160' title='bbox 1209 3013 1312 3111; x_wconf 91' lang='lat' dir='ltr'><strong>hyoi-</strong></span> 
     </span>
     <span class='ocr_line' id='line_1_24' title="bbox 306 3127 1313 3228; baseline 0.001 -26"><span class='ocrx_word' id='word_1_161' title='bbox 306 3127 373 3202; x_wconf 92' lang='lat' dir='ltr'><strong>des</strong></span> <span class='ocrx_word' id='word_1_162' title='bbox 392 3151 478 3200; x_wconf 90' lang='lat' dir='ltr'><strong>cum</strong></span> <span class='ocrx_word' id='word_1_163' title='bbox 492 3127 669 3224; x_wconf 82' lang='lat' dir='ltr'><strong>larynge,</strong></span> <span class='ocrx_word' id='word_1_164' title='bbox 689 3129 943 3226; x_wconf 83' lang='lat' dir='ltr'><strong>proximisque</strong></span> <span class='ocrx_word' id='word_1_165' title='bbox 962 3128 1134 3228; x_wconf 89' lang='lat' dir='ltr'><strong>partibus</strong></span> <span class='ocrx_word' id='word_1_166' title='bbox 1148 3155 1313 3203; x_wconf 84' lang='lat' dir='ltr'><strong>connec-</strong></span> 
     </span>
     <span class='ocr_line' id='line_1_25' title="bbox 306 3245 1313 3352; baseline -0.001 -33"><span class='ocrx_word' id='word_1_167' title='bbox 306 3261 412 3335; x_wconf 90' lang='lat' dir='ltr'><strong>tunt,</strong></span> <span class='ocrx_word' id='word_1_168' title='bbox 430 3245 616 3317; x_wconf 89' lang='lat' dir='ltr'><strong>carnificis</strong></span> <span class='ocrx_word' id='word_1_169' title='bbox 627 3245 785 3340; x_wconf 80' lang='lat' dir='ltr'><strong>laqueus</strong></span> <span class='ocrx_word' id='word_1_170' title='bbox 801 3246 1028 3344; x_wconf 77' lang='lat' dir='ltr'><strong>disruperat3</strong></span> <span class='ocrx_word' id='word_1_171' title='bbox 1045 3263 1088 3318; x_wconf 87' lang='lat' dir='ltr'><strong>ut</strong></span> <span class='ocrx_word' id='word_1_172' title='bbox 1099 3247 1198 3318; x_wconf 91' lang='lat' dir='ltr'><strong>illud</strong></span> <span class='ocrx_word' id='word_1_173' title='bbox 1214 3274 1258 3322; x_wconf 93' lang='lat' dir='ltr'><strong>os</strong></span> <span class='ocrx_word' id='word_1_174' title='bbox 1269 3247 1313 3352; x_wconf 75' lang='lat' dir='ltr'><strong>ab</strong></span> 
     </span>
     <span class='ocr_line' id='line_1_26' title="bbox 306 3362 1314 3463; baseline 0.001 -28"><span class='ocrx_word' id='word_1_175' title='bbox 306 3363 462 3460; x_wconf 84' lang='lat' dir='ltr'><strong>larynge</strong></span> <span class='ocrx_word' id='word_1_176' title='bbox 480 3379 575 3434; x_wconf 91' lang='lat' dir='ltr'><strong>esset</strong></span> <span class='ocrx_word' id='word_1_177' title='bbox 599 3377 821 3459; x_wconf 85' lang='lat' dir='ltr'><strong>separatum.</strong></span> <span class='ocrx_word' id='word_1_178' title='bbox 844 3362 901 3435; x_wconf 80' lang='lat' dir='ltr'><strong>Ad</strong></span> <span class='ocrx_word' id='word_1_179' title='bbox 919 3380 1030 3463; x_wconf 84' lang='lat' dir='ltr'><strong>caput</strong></span> <span class='ocrx_word' id='word_1_180' title='bbox 1048 3364 1208 3436; x_wconf 90' lang='lat' dir='ltr'><strong>tandem</strong></span> <span class='ocrx_word' id='word_1_181' title='bbox 1228 3391 1314 3438; x_wconf 89' lang='lat' dir='ltr'><strong>ven·</strong></span> 
     </span>
     <span class='ocr_line' id='line_1_27' title="bbox 272 3466 1315 3579; baseline 0.002 -27"><span class='ocrx_word' id='word_1_182' title='bbox 272 3573 277 3578; x_wconf 15' lang='grc' dir='ltr'><strong><em>μ</em></strong></span> <span class='ocrx_word' id='word_1_183' title='bbox 310 3494 391 3552; x_wconf 89' lang='lat' dir='ltr'><strong>tum</strong></span> <span class='ocrx_word' id='word_1_184' title='bbox 418 3495 482 3552; x_wconf 89' lang='lat' dir='ltr'><strong>est.</strong></span> <span class='ocrx_word' id='word_1_185' title='bbox 508 3479 627 3565; x_wconf 90' lang='lat' dir='ltr'><strong>Cutis,</strong></span> <span class='ocrx_word' id='word_1_186' title='bbox 653 3480 822 3550; x_wconf 90' lang='lat' dir='ltr'><strong>cranium</strong></span> <span class='ocrx_word' id='word_1_187' title='bbox 842 3495 972 3579; x_wconf 86' lang='lat' dir='ltr'><strong>tegens</strong></span> <span class='ocrx_word' id='word_1_188' title='bbox 983 3466 1007 3568; x_wconf 57' lang='grc' dir='ltr'><strong>,ἶ</strong></span> <span class='ocrx_word' id='word_1_189' title='bbox 1020 3484 1205 3554; x_wconf 88' lang='lat' dir='ltr'><strong>interiore</strong></span> <span class='ocrx_word' id='word_1_190' title='bbox 1226 3482 1315 3554; x_wconf 83' lang='lat' dir='ltr'><strong>facie</strong></span> 
     </span>
     <span class='ocr_line' id='line_1_28' title="bbox 310 3593 1315 3696; baseline -0.001 -24"><span class='ocrx_word' id='word_1_191' title='bbox 310 3593 531 3696; x_wconf 83' lang='lat' dir='ltr'><strong>sanguiferis</strong></span> <span class='ocrx_word' id='word_1_192' title='bbox 561 3597 734 3695; x_wconf 86' lang='lat' dir='ltr'><strong>turgebat</strong></span> <span class='ocrx_word' id='word_1_193' title='bbox 763 3600 932 3672; x_wconf 78' lang='lat' dir='ltr'><strong>vasculis.</strong></span> <span class='ocrx_word' id='word_1_194' title='bbox 966 3600 1174 3672; x_wconf 85' lang='lat' dir='ltr'><strong>Cerebrum</strong></span> <span class='ocrx_word' id='word_1_195' title='bbox 1197 3599 1315 3690; x_wconf 88' lang='lat' dir='ltr'><strong>nihil,</strong></span> 
     </span>
     <span class='ocr_line' id='line_1_29' title="bbox 308 3714 1317 3820; baseline 0.002 -33"><span class='ocrx_word' id='word_1_196' title='bbox 308 3731 494 3820; x_wconf 81' lang='lat' dir='ltr'><strong>quantum</strong></span> <span class='ocrx_word' id='word_1_197' title='bbox 511 3714 679 3811; x_wconf 90' lang='lat' dir='ltr'><strong>judicare</strong></span> <span class='ocrx_word' id='word_1_198' title='bbox 699 3740 828 3788; x_wconf 88' lang='lat' dir='ltr'><strong>sensus</strong></span> <span class='ocrx_word' id='word_1_199' title='bbox 855 3731 1052 3814; x_wconf 86' lang='lat' dir='ltr'><strong>poterant,</strong></span> <span class='ocrx_word' id='word_1_200' title='bbox 1077 3717 1125 3786; x_wconf 92' lang='lat' dir='ltr'><strong>ab</strong></span> <span class='ocrx_word' id='word_1_201' title='bbox 1155 3718 1317 3789; x_wconf 85' lang='lat' dir='ltr'><strong>naturali</strong></span> 
     </span>
     <span class='ocr_line' id='line_1_30' title="bbox 308 3831 1316 3934; baseline 0.007 -31"><span class='ocrx_word' id='word_1_202' title='bbox 308 3833 576 3905; x_wconf 90' lang='lat' dir='ltr'><strong>constitutione</strong></span> <span class='ocrx_word' id='word_1_203' title='bbox 591 3831 833 3934; x_wconf 85' lang='lat' dir='ltr'><strong>discrepabat.</strong></span> <span class='ocrx_word' id='word_1_204' title='bbox 846 3835 1006 3908; x_wconf 87' lang='lat' dir='ltr'><strong>Musculi</strong></span> <span class='ocrx_word' id='word_1_205' title='bbox 1017 3849 1071 3918; x_wconf 92' lang='lat' dir='ltr'><strong>,et</strong></span> <span class='ocrx_word' id='word_1_206' title='bbox 1084 3850 1219 3907; x_wconf 71' lang='lat' dir='ltr'><strong>caetera</strong></span> <span class='ocrx_word' id='word_1_207' title='bbox 1232 3860 1316 3910; x_wconf 92' lang='lat' dir='ltr'><strong>ocu·</strong></span> 
     </span>
    </p>
   </div>
   <div class='ocr_carea' id='block_1_3' title="bbox 207 3949 1315 4052">
    <p class='ocr_par' dir='ltr' id='par_1_4' title="bbox 207 3949 1315 4052">
     <span class='ocr_line' id='line_1_31' title="bbox 207 3949 1315 4052; baseline 0.005 -32"><span class='ocrx_word' id='word_1_208' title='bbox 207 3957 209 3964; x_wconf 84' lang='grc'><em>’</em></span> <span class='ocrx_word' id='word_1_209' title='bbox 307 3949 353 4023; x_wconf 91' lang='lat' dir='ltr'><strong>lis</strong></span> <span class='ocrx_word' id='word_1_210' title='bbox 376 3950 615 4048; x_wconf 86' lang='lat' dir='ltr'><strong>circumjecta</strong></span> <span class='ocrx_word' id='word_1_211' title='bbox 642 3975 665 4024; x_wconf 93' lang='lat' dir='ltr'><strong>a</strong></span> <span class='ocrx_word' id='word_1_212' title='bbox 697 3965 891 4051; x_wconf 85' lang='lat' dir='ltr'><strong>stagnante</strong></span> <span class='ocrx_word' id='word_1_213' title='bbox 916 3953 1097 4052; x_wconf 82' lang='lat' dir='ltr'><strong>sanguine</strong></span> <span class='ocrx_word' id='word_1_214' title='bbox 1116 3957 1230 4052; x_wconf 84' lang='lat' dir='ltr'><strong>quasi</strong></span> <span class='ocrx_word' id='word_1_215' title='bbox 1259 3955 1315 4026; x_wconf 90' lang='lat' dir='ltr'><strong>in·</strong></span> 
     </span>
    </p>
   </div>
   <div class='ocr_carea' id='block_1_4' title="bbox 0 0 1444 4662">
    <p class='ocr_par' dir='ltr' id='par_1_5' title="bbox 0 0 1444 4662">
     <span class='ocr_line' id='line_1_32' title="bbox 0 0 1444 4662; baseline 0 0"><span class='ocrx_word' id='word_1_216' title='bbox 0 0 1444 4662; x_wconf 95' lang='lat' dir='ltr'><strong> </strong></span> 
     </span>
    </p>
   </div>
  </div>
 </body>
</html>
