2812 4660
306 441 382 518 361‘
472 469 518 516 nr
544 467 690 515 ssnrrus
716 467 760 514 nr
784 443 910 516 causta
935 467 1151 518 uonnoaurr

292 584 384 679 fiat.
407 581 478 652 Sed
494 596 610 654 tantae
638 581 824 653 severitati
847 605 917 678 par
941 582 1083 656 utilitas
1104 581 1317 682 respondit,

302 701 396 770 Nam
416 697 528 796 quod
540 699 788 796 Hippocrates
805 696 965 794 subjecit
985 726 993 769 :
1012 705 1046 770 si
1063 703 1245 772 curentur
1263 707 1316 770 in-

303 821 461 914 ct'pae'ente
482 817 635 902 motha,
656 839 785 886 rursus
812 820 849 885 in
873 813 957 888 loco
980 841 1092 889 vente
1115 817 1316 889 considunt

197 913 199 920 ¹
304 934 359 1004 ad
377 933 495 1022 latus,
515 932 743 1030 humilesque
748 935 875 1030 stunt,
891 932 991 1006 idem
1010 947 1168 1032 prorsus
1186 935 1236 1008 ab
1255 961 1314 1006 ea—

303 1051 388 1124 dem
408 1052 617 1138 curatione,
636 1051 675 1120 in
699 1065 871 1147 tempore
893 1050 1077 1139 adhibita,
1102 1053 1195 1149 ipsis
1221 1077 1315 1150 quo·

303 1194 378 1268 que
395 1168 530 1241 accidit
553 1168 707 1240 arteriis.
733 1171 864 1266 Neque
883 1169 957 1240 boc
973 1169 1143 1242 Valsalva
1165 1196 1212 1242 ex
1233 1171 1315 1268 pul·

302 1288 456 1360 sationis
479 1285 674 1370 duntaxat,
701 1284 999 1384 caeterorumque
1019 1289 1216 1386 signorum
1241 1288 1314 1359 dis·

302 1405 471 1476 cessione
491 1403 687 1488 intellexit,
706 1429 787 1500 qoae
806 1429 1029 1502 aneurysma
1048 1407 1239 1504 incipiens
1252 1431 1311 1478 co·

201 1557 204 1572 ν
300 1522 501 1610 mitantur;
519 1519 629 1592 sedet
645 1522 734 1619 ipsis
748 1522 867 1595 oculis
880 1525 1082 1623 usurpavit.
1096 1527 1194 1595 Cum
1210 1526 1311 1596 enim
1404 1513 1405 1578 Ῑ

301 1640 359 1709 vir
375 1637 532 1726 nobilis,
552 1663 666 1735 quem
684 1639 736 1710 sic
753 1657 1035 1737 persanaverat,
1060 1667 1104 1712 ex
1122 1641 1200 1712 alio
1225 1667 1311 1740 pos-

298 1770 358 1829 tea
369 1755 506 1828 morbo
523 1754 619 1834 forte
634 1757 853 1846 interiisset,
870 1759 1056 1846 arteriam,
1064 1759 1201 1856 iu'qua
1218 1759 1308 1829 olim

298 1875 570 1971 aneurysmatis
590 1874 738 1946 initium
759 1873 897 1965 fuerat,
924 1891 1155 1948 contractam
1177 1899 1306 1946 rursus

298 1990 345 2062 ad
363 1992 573 2064 naturalem
594 1993 768 2076 modum,
788 1993 853 2066 sed
868 1999 975 2092 quasi
992 1993 1169 2067 callosam
1188 2018 1236 2064 eo
1257 1992 1312 2062 lo-

297 2134 364 2196 c0,
383 2109 644 2208 deprehendit.
664 2115 743 2180 Hoc
761 2112 936 2208 quidem,
956 2126 997 2182 ut
1015 2111 1132 2182 multa
1148 2109 1223 2181 alia
1246 2135 1307 2181 an-

297 2229 356 2300 nis
372 2228 445 2300 illis
457 2227 732 2327 posterioribus
743 2228 911 2300 Valsalra
924 2228 1087 2302 scribere
1102 2228 1308 2326 praetermi-

297 2347 371 2431 sit,
392 2371 478 2418 cum
498 2345 578 2416 aliis
597 2360 722 2417 tamen
741 2348 1049 2433 communicavit,
1071 2371 1114 2418 ac
1134 2347 1308 2417 uomina·

295 2462 363 2534 tim
385 2488 471 2533 cum
490 2464 679 2562 praestanti
698 2463 862 2552 medice,
885 2476 1155 2562 spectataque,
1175 2464 1307 2562 siquis

296 2580 409 2668 alius,
427 2579 515 2650 [idei
534 2581 616 2650 viro
630 2585 775 2652 Joanne
787 2582 951 2653 Antonio
967 2581 1175 2669 Stancario,
1191 2605 1214 2652 a
1231 2605 1305 2678 quo

295 2698 393 2795 ipse,
415 2721 501 2768 cum
524 2723 625 2768 anuo
647 2699 738 2797 1728
759 2700 929 2771 Bononia
952 2701 1171 2785 transirem,
1188 2699 1251 2786 id,
1272 2713 1306 2770 et

294 2839 378 2912 quae
398 2813 611 2912 subjiciam,
631 2818 770 2915 accepi.
793 2818 940 2890 Scilicet
962 2819 1095 2904 misso,
1116 2833 1304 2915 quantum

293 2934 509 3031 oportebat,
524 2936 716 3032 sanguine,
735 2933 916 3033 factisque
929 2936 1070 3007 caeteris
1082 2959 1165 3033 quae
1175 2950 1303 3034 postea

293 3052 440 3150 scripsit
457 3052 693 3136 Albertinus‚
721 3051 849 3124 cibum
867 3069 1077 3151 potumque
1094 3052 1304 3125 llalsalvam

290 3171 408 3268 magis
426 3171 617 3269 magisque
633 3170 672 3240 in
691 3169 773 3242 dies
783 3170 952 3268 singulos
969 3169 1198 3242 imminuere
1215 3193 1303 3241 cou-

292 3289 454 3360 suevisse
473 3287 699 3385 usquedum
721 3313 767 3359 eo
788 3290 1019 3386 perveniret,
1047 3301 1089 3359 ut
1108 3288 1228 3386 pultis
1247 3311 1300 3359 se·

285 3399 426 3475 libram
450 3415 559 3476 ma'ne
582 3406 707 3495 daret,
732 3429 887 3504 vespere
909 3421 1034 3478 autem
1055 3405 1216 3477 dimidio
1234 3405 1300 3476 mi-

289 3545 363 3624 nus
381 3547 506 3620 neque
525 3523 625 3595 aliud
643 3539 838 3622 praeterea,
854 3525 883 3596 si
901 3547 1038 3623 aquam
1059 3523 1246 3621 excipias,
1263 3536 1298 3592 et

288 3637 387 3711 hanc
415 3664 568 3737 quoque
591 3643 690 3714 intra
719 3656 865 3715 certum
891 3641 1061 3741 pondus,
1088 3663 1204 3738 quam
1235 3653 1297 3713 aut

289 3755 395 3854 gelu,
414 3771 457 3827 ut
476 3773 633 3847 vocant,
654 3759 925 3854 cydoniorum,
944 3774 1008 3832 aut
1028 3757 1153 3857 lapide
1179 3773 1299 3830 osteo·

288 3873 384 3944 colla
398 3872 609 3946 medicabat
623 3930 633 3963 ,
645 3876 685 3946 in
702 3878 964 3950 tenuissimum
983 3875 1180 3976 pulverem
1198 3898 1298 3946 com·

287 3991 447 4062 minuto.
478 3990 554 4062 Ubi
583 3994 669 4066 satis
695 4017 836 4092 aegrum
862 3994 933 4066 hac
952 3994 1098 4066 ratione
1116 4011 1297 4066 maceras-
