2766 4670
323 401 391 490 ibe
547 441 597 486 sn
623 439 862 486 (scammum
886 439 1097 488 nnourmun
1125 427 1127 430 ’

322 517 567 626 celeberrima
592 559 780 638 societati,
810 577 897 650 quoe
921 579 980 624 me
1008 561 1106 627 inter
1129 583 1213 630 suos
1235 577 1313 630 ante

320 697 460 742 aunum
477 675 568 768 1724
584 657 738 766 benigne
751 671 985 768 aocepil,lzos
995 674 1245 766 offlsrrilibros
1256 701 1311 746 cu-

310 795 401 886 pio,
418 787 494 858 leve
510 785 673 902 quidem,
695 791 729 855 si
745 786 851 884 quod
866 811 915 858 ea
932 814 991 858 me
1006 789 1168 877 babent,·
1184 809 1310 890 specte·
1365 853 1368 860 .

316 913 393 994 tar,
408 909 515 1002 greiti
529 919 567 976 et
579 904 791 1001 obsequiosi
807 911 925 978 am'mi
936 913 1082 1004 si'gtizan
1097 937 1107 979 :
1121 927 1164 980 at
1172 919 1206 984 si
1217 913 1310 1010 quoi

319 1049 368 1095 esc
385 1021 469 1094 aliis
485 1026 692 1106 continent3
713 1019 891 1093 tributum
909 1048 1018 1121 spero
1038 1032 1160 1099 uisum
1181 1036 1228 1101 iri
1242 1055 1308 1101 non

318 1141 509 1237 indigenum
532 1139 638 1236 quod
660 1144 733 1238 ussi
750 1141 946 1231 offeratur.
965 1141 1112 1214 Eodem
1136 1152 1233 1217 enirn
1251 1145 1308 1217 illa

308 1266 502 1358 pertinent
518 1283 592 1356 quo
608 1263 795 1328 societatis
807 1263 1016 1348 institutum
1024 1313 1034 1346 ,
1057 1278 1101 1332 ut
1103 1289 1182 1361 per
1200 1267 1310 1336 obser-

316 1384 480 1448 uationes
488 1387 762 1475 promoveatur
782 1373 1058 1474 illustremque
1076 1390 1226 1453 stanam
1244 1382 1308 1451 lu's·

318 1500 430 1581 toria,
453 1495 556 1589 cujus
573 1500 715 1564 utinam
727 1490 844 1563 multo
863 1499 1043 1563 minorem
1048 1511 1205 1591 partem
1209 1500 1307 1590 face·

317 1627 399 1682 rent
414 1614 551 1698 morbi,
578 1617 616 1680 in
637 1611 855 1708 corporibus
873 1625 951 1681 tum
975 1618 1100 1709 agris,
1124 1629 1202 1686 aim
1221 1639 1309 1686 mor·

317 1735 388 1801 tuis
401 1733 620 1800 examinati.
700 1781 702 1784 -

368 1847 481 1940 Quod
496 1861 655 1917 enamen
674 1866 788 1943 quarn
808 1843 899 1916 utile
919 1850 982 1933 sit,
1001 1845 1071 1916 etsi
1078 1852 1177 1917 ratio
1199 1863 1237 1919 et
1252 1871 1308 1919 ea·

309 1969 495 2064 perientia
516 1969 705 2034 nonsatis
727 1962 978 2050 ostenderent,
998 1969 1089 2033 satis
1102 1979 1232 2036 ¹aeuum
1255 1990 1308 2036 su·

305 2106 454 2179 perque
479 2080 698 2168 ostenduam
734 2095 859 2152 tamen
891 2079 957 2153 uel
979 2077 1063 2152 sola
1090 2081 1309 2156 medicorum

217 2238 224 2252 ·
310 2205 611 2297 gravissimorum
639 2205 863 2286 auotoritas,
888 2219 1089 2296 eorumque
1105 2186 1309 2298 exemplem

307 2311 595 2387 luculentissime
617 2304 912 2415 comprobarent.
941 2320 1202 2388 Venistisu'mis
1219 2322 1308 2388 enim

310 2434 537 2530 temporibus
558 2455 643 2503 cum
668 2431 861 2505 bominum
889 2431 1075 2503 cadavera
1088 2455 1217 2503 secam
1240 2455 1309 2504 non

307 2549 450 2636 liceret,
481 2555 518 2620 in
540 2551 742 2622 bestiarum
765 2556 864 2622 eatis
879 2549 985 2621 sedes
1005 2564 1044 2620 et
1064 2571 1198 2620 causas
1215 2574 1308 2620 mor·

309 2671 442 2741 borum
465 2669 514 2738 ab
543 2673 792 2767 Harpocran,
819 2669 955 2740 autab
982 2673 1026 2737 iis
1052 2671 1120 2766 qai
1137 2672 1308 2764 praeemit

309 2784 369 2856 illi
382 2800 644 2874 successerunt,
658 2787 781 2877 fitisse
803 2777 1013 2882 qaoesitas,
1026 2776 1076 2853 ea
1101 2788 1308 2882 antiquissi-

307 2909 379 2973 mis
401 2903 502 2973 libris
517 2917 632 3000 patet
657 2883 723 2998 qui
742 2917 813 2972 aut
827 2903 908 2998 ejus
924 2916 1025 2988 sunt,
1044 2915 1113 2971 aut
1120 2922 1200 2998 pro
1217 2905 1306 3002 Ηφ-

299 3025 511 3119 pacraticis
538 3025 633 3090 inter
651 3022 729 3116 ejus
747 3024 887 3116 scripta
907 3018 1212 3116 legonianQuem
1237 3043 1308 3090 mo·

311 3162 388 3210 rem
412 3153 490 3207 tum
512 3137 691 3224 Galenus,
716 3151 795 3207 tarn
812 3134 884 3205 alii
897 3150 991 3206 vante
1010 3141 1148 3236 msam,
1170 3149 1309 3236 etpost

311 3261 431 3352 ipsum
450 3253 584 3326 medici
592 3259 708 3324 secati
721 3267 826 3342 sunt,
844 3277 911 3326 nec
928 3276 1017 3325 raro
1033 3251 1099 3324 uel
1106 3257 1308 3324 boviscurtis

303 3373 559 3469 ·temporibas,·
573 3370 702 3467 bisque
716 3375 829 3440 etiarn
840 3368 1092 3456 nostrimlata
1106 3375 1306 3455 occaa'one,

204 3504 208 3513 ‘
312 3505 390 3558 non
415 3488 599 3559 illibenter
616 3499 839 3584 sequuntur,
862 3484 1308 3586 quemadinodumaupa-

302 3620 371 3674 'ret
393 3629 442 3676 esc
456 3603 635 3703 pluribus
659 3609 756 3674 inter
774 3619 929 3675 coeteras
949 3603 1307 3676 observationibusa

249 3705 252 3712 ’
310 3723 466 3809 Boueto,
483 3725 661 3817 Maugeto
677 3725 716 3790 in
736 3720 1015 3818 Sepulcbretum
1033 3724 1305 3804 anatomicam,

312 3857 361 3910 ex
382 3839 540 3912 consilio
563 3834 711 3936 quoque
736 3838 889 3910 leomee
915 3836 1149 3926 Bartholiui,
1172 3837 1306 3910 relatis.

316 3963 400 4051 (luo
415 3955 616 4030 snrdiosius
627 3955 801 4047 velante,
816 3955 979 4060 velpost
988 3951 1309 4046 Galenwrudonec
1372 3979 1373 4022 s
