2842 4672
295 443 340 514 28
459 469 505 514 nu
531 467 677 518 seorsus
703 470 747 518 nr
772 467 896 520 crusis
922 469 1131 521 nonnosum
1152 489 1155 496 ·

292 578 404 672 Quod
429 596 579 672 tamen,
603 599 737 681 praeter
763 609 828 658 eos
857 609 954 683 quos
981 586 1192 676 nominavi,
1221 584 1311 658 aliis

292 721 447 796 quoque
467 700 577 772 video
597 700 756 775 licuisse.
780 705 910 801 Nuper
929 703 1029 776 euim
1053 701 1191 792 incidi,
1214 727 1310 774 cum

288 815 392 887 aliud
410 842 637 914 quaererem,
653 820 692 888 in
716 819 843 904 locum
870 819 1043 892 Heilandi
1066 818 1232 916 (1)‚ubi
1258 820 1310 892 de
1354 915 1355 920 ἵ

288 929 507 1004 infanticida
524 933 603 1006 haec
621 936 792 1034 scripsit:
812 942 913 1008 Erat
929 936 1235 1009 alteroculorum
1252 943 1307 1008 vi-

289 1049 590 1148 dendipotentr'a
619 1055 772 1124 orbatus
784 1108 795 1141 ,
822 1079 933 1126 nervo
959 1060 1083 1152 optioo
1108 1069 1145 1126 et
1156 1056 1305 1151 flacci-

210 1149 213 1156 *
289 1168 397 1238 dioro
404 1223 415 1255 ,
442 1184 479 1240 et
485 1172 591 1266 justo
617 1176 759 1242 minore
780 1177 978 1259 existente,
1005 1172 1203 1243 observata
1224 1173 1305 1242 hac

290 1284 507 1376 differentia
526 1291 638 1356 etiam
664 1285 765 1356 oltra
789 1290 1101 1360 combinationem
1126 1294 1165 1358 in
1191 1286 1303 1360 Sella.

293 1407 447 1472 Turcico
464 1402 672 1474 solemnem.
695 1405 815 1500 Igitur
827 1404 920 1476 dum
941 1404 1146 1506 feliciorem
1166 1420 1205 1477 et
1226 1429 1304 1476 nos
1411 1503 1412 1508 ἵ

288 1518 493 1617 aliquando
510 1522 745 1593 occasionem
765 1538 1030 1619 expectamus,
1046 1524 1190 1594 interea
1206 1513 1304 1594 alio·
1411 1515 1412 1526 ¹

281 1653 375 1708 rum
397 1636 720 1716 observationibus
739 1642 907 1710 conteuti
924 1641 1050 1712 simus.
1068 1643 1302 1712 Nostrarum

287 1769 413 1827 tamen
431 1782 501 1829 uos
514 1757 670 1828 omnino
681 1783 760 1828 non
772 1758 942 1856 poenitet,
954 1756 1119 1855 primum
1128 1757 1220 1854 quia
1234 1758 1303 1830 do·

288 1889 467 1963 ruerunt,
487 1900 567 1947 non
584 1901 747 1974 semper,
771 1876 850 1946 imo
866 1899 939 1948 nec
956 1899 1051 1973 saepe
1070 1873 1164 1946 ad'eo
1181 1874 1225 1944 in
1244 1875 1308 1977 alf·

286 1992 403 2063 terius
429 1993 530 2063 oculi
553 1995 714 2066 caecitate
738 1992 777 2063 id
801 1991 971 2066 accidere
998 1991 1104 2090 quod
1125 1993 1301 2064 occurrit

286 2109 454 2180 Vesalio:
474 2110 611 2184 deinde
625 2111 713 2208 quia
731 2135 778 2182 os
789 2112 887 2181 intra
907 2109 1059 2180 oculum
1080 2108 1299 2205 deprehen-

287 2224 430 2316 dimus,
451 2253 565 2325 quam
582 2254 663 2301 rem
680 2229 827 2299 nonita
844 2251 938 2324 saepe
958 2249 1178 2315 occurrere,
1201 2228 1301 2300 alias

285 2341 520 2434 videbimus,
537 2346 604 2418 ubi
622 2345 667 2415 de
688 2344 809 2414 multo
835 2344 1001 2428 rariore,
1027 2339 1066 2410 id
1091 2357 1146 2414 est
1166 2341 1216 2414 de
1234 2369 1301 2416 re-

263 2493 270 2506 ·
285 2458 364 2532 tina
381 2486 504 2554 ossea,
520 2489 541 2534 a
565 2462 678 2534 nohis
696 2474 898 2559 conspecta
927 2458 1135 2531 scribemus
1153 2459 1234 2556 (2);
1255 2461 1295 2531 id

285 2593 409 2650 autem
438 2580 485 2652 de
516 2606 594 2678 quo
629 2578 746 2650 modo
779 2576 1025 2667 dicebamus,
1060 2576 1298 2666 ossiculum,

284 2700 456 2797 quamvis¹
478 2700 530 2769 ita
554 2712 792 2785 excavatum,
817 2710 854 2767 et
874 2694 1142 2791 majusculum,
1166 2720 1217 2766 an
1240 2693 1303 2766 fa·-

285 2813 375 2899 cies,
392 2830 429 2885 et
441 2817 566 2914 portio
581 2815 748 2886 anterior
766 2810 886 2885 fuerit·
896 2812 986 2884 olim
1004 2811 1176 2884 humoris
1193 2837 1299 2910 crys-

283 2932 422 3022 tallini,
443 2934 508 3029 qui
533 2931 699 3030 denique
727 2955 863 3029 magna
892 2955 937 3002 ex
960 2945 1066 3029 parte
1093 2956 1137 3001 ex
1163 2929 1292 3019 fibris,

281 3043 598 3122 membranulisve
614 3065 760 3121 constat
772 3048 842 3146 (3),
860 3063 897 3120 et
912 3063 1119 3121 maceratus
1132 3045 1292 3146 amplifi2

283 3183 389 3238 catur
403 3167 477 3264 (Δ),
496 3192 544 3238 an
567 3167 693 3264 potius
714 3163 1072 3253 illiusmcmbrana,
1093 3165 1177 3264 ipso
1197 3191 1291 3238 con-

283 3299 674 3381 sumpto,antrorsum
684 3284 938 3382 compulsa,et
947 3285 1106 3356 crassior
1115 3280 1210 3356 facta
1221 3283 1290 3382 (5),

1265 3555 1290 3610 Do
