2750 4658
295 371 372 462 ⁴212
466 409 514 460 nr
538 407 685 458 sautans
709 409 754 458 ar
779 409 904 470 causrs
929 411 1139 463 uonnonuu

300 523 455 624 quidem
482 524 639 593 omnino
660 522 793 612 soluti,
819 522 884 594 sed
908 523 1011 613 duri3
1031 541 1074 598 ut
1094 528 1126 598 si
1149 529 1284 625 propria
1350 537 1354 620 l

299 641 624 742 peripneumonia
650 639 753 737 signa
777 641 1070 737 praecessissent,
1097 642 1286 715 inflamma-

298 761 401 834 tione
421 757 610 830 laborasse
625 757 746 827 videri
758 772 922 854 possent.
934 761 1021 830 Erat
1037 785 1134 857 aqua
1147 763 1188 832 in
1201 775 1286 832 utro

298 903 374 976 que
400 875 566 947 thoracis
588 898 679 945 cavo
711 898 754 945 ea
783 875 911 973 copia,
938 890 981 946 ut
1008 876 1089 972 ejus
1113 879 1284 974 portioin

298 997 416 1072 sterni
433 993 598 1067 sectione
616 993 793 1088 eruperit.
814 996 901 1062 Erat
919 1007 956 1063 et
972 993 1011 1062 in
1024 994 1233 1090 pericardio
1248 993 1284 1064 ad

297 1113 429 1185 uncias
447 1108 794 1205 circiter'quinque.
820 1111 914 1178 Cum
932 1110 1113 1207 utrinque
1131 1125 1285 1209 sumpta,

296 1230 376 1328 igni
392 1225 519 1298 fuisset
537 1225 733 1322 imposita3
750 1223 813 1295 illa
826 1224 1003 1321 quidem,
1019 1252 1098 1298 non
1117 1227 1198 1302 haec
1211 1253 1284 1300 con·

297 1347 425 1419 crevit.
440 1343 623 1442 Polyposa
641 1344 836 1414 concretio
853 1338 924 1413 fuit
944 1343 984 1414 in
1001 1359 1166 1444 utroque
1179 1347 1285 1418 cordis

297 1463 531 1549 ventriculo,
546 1461 611 1534 sed
626 1461 747 1556 major
761 1461 801 1532 in
816 1459 991 1550 dextero,
1007 1487 1090 1558 quae
1103 1478 1140 1536 et
1156 1489 1223 1563 per
1236 1486 1284 1534 va·

298 1604 427 1654 sorum
448 1581 541 1652 ostia
564 1603 602 1652 se
621 1578 876 1676 producebat,
898 1585 935 1650 e't
952 1579 992 1651 in
1012 1581 1183 1654 auricula
1208 1606 1285 1681 pra·

295 1701 424 1774 sertim
443 1723 481 1768 se
500 1695 767 1796 amplificabat.

281 1845 284 1850 ’
348 1816 380 1888 3.
405 1818 503 1888 Num
527 1815 700 1886 vesiculae
724 1811 965 1885 muliebrium
991 1817 1207 1889 ovariorum
1228 1815 1286 1889 sint

296 1934 431 2018 ovula,
449 1958 529 2004 non
553 1948 608 2004 est
626 1930 689 2004 hic
715 1930 931 2029 disputandi
949 1931 1076 2022 locus;
1095 1934 1215 2006 multo
1233 1957 1286 2004 au·

295 2067 375 2125 tem
398 2053 542 2138 minus,
567 2076 615 2121 an
635 2071 755 2121 massa
778 2050 842 2120 illa
859 2046 1031 2123 informis
1054 2050 1285 2123 inchoamen-

297 2187 379 2246 tum
399 2188 495 2244 esset
514 2187 741 2270 conceptue,
756 2170 911 2268 quando
926 2187 1085 2270 utraque
1102 2187 1182 2244 erat
1197 2195 1285 2272 pror-

297 2314 361 2364 sus
376 2291 526 2375 occlusa
539 2288 640 2360 tuba.
673 2293 819 2385 Aquam
830 2291 876 2361 in
906 2287 977 2361 hac
998 2305 1036 2361 et
1053 2290 1284 2387 sequentibus

235 2455 237 2460 .
297 2405 626 2480 observationibus
652 2406 853 2502 pulmones
877 2407 1019 2478 circum
1043 2424 1285 2504 prementem,

296 2549 419 2622 eoque
430 2524 641 2594 obstantem
651 2524 821 2621 ipsorum
834 2521 932 2594 facili
942 2524 1195 2622 explicationi,
1209 2549 1287 2624 pra-

295 2642 406 2736 cipue
443 2639 689 2727 attendimus,
722 2641 793 2712 alia
821 2667 902 2738 quae
935 2641 1068 2715 eodem
1096 2645 1287 2730 attineant,

294 2781 385 2828 mox
401 2757 440 2828 in
459 2758 546 2828 loco
564 2783 643 2828 non
660 2758 876 2854 neglecturi.

344 2868 376 2963 l,-
403 2876 553 2946 Femina
579 2876 712 2972 viginti
735 2899 798 2944 sex
820 2875 968 2946 circiter
986 2900 1194 2967 annorum,
1217 2898 1288 2974 qua

295 3007 447 3066 uterum
466 3019 544 3065 non
563 2991 677 3064 semel
691 2982 856 3077 tulerat,
869 3007 955 3089 post
971 2993 1086 3064 animi
1103 2993 1290 3092 perturba·

296 3113 439 3196 tiones),
454 3125 536 3182 toto
548 3133 707 3207 corpore
723 3109 874 3198 leviter,
892 3109 1095 3184 abdomine
1109 3115 1226 3212 magis
1238 3114 1289 3181 in-

296 3229 494 3316 tumescit,
517 3225 720 3298 difficulter
740 3241 776 3298 et
793 3242 916 3300 erecta
934 3231 1095 3318 cervice,
1120 3233 1290 3330 respirat,

298 3361 477 3420 neutrum
497 3345 536 3414 in
558 3346 654 3416 latus
672 3344 859 3416 laboriose
878 3344 1092 3435 decumbit,
1110 3349 1240 3448 ingens
1251 3348 1289 3442 in
1354 3394 1355 3432 3

297 3462 452 3534 thorace
475 3461 627 3560 pondus
657 3461 835 3559 percipit,
862 3452 1032 3535 maxime
1052 3466 1149 3554 sitit,
1177 3467 1289 3538 donec

296 3578 514 3650 difficultate
532 3577 700 3674 spirandi
714 3579 1013 3678 ingravescente,
1028 3598 1190 3655 mortem
1204 3582 1288 3654 obit.
1354 3588 1355 3618 ³

346 3702 391 3768 ln
421 3709 553 3767 ventre
579 3719 697 3794 pauca
722 3710 801 3768 erat
827 3721 948 3794 aqua;
977 3697 1043 3770 sed
1067 3697 1290 3771 ventriculus

297 3811 563 3912 praeturgidus,
583 3827 619 3884 et
636 3811 754 3909 hepar
772 3838 972 3913 magnum,
987 3814 1080 3887 adeo
1096 3815 1290 3916 diaphrag-

296 3953 359 4004 ma
383 3951 530 4004 sursum
555 3929 765 4029 pellebant,
784 3947 828 4006 ut
849 3932 1014 4010 thoracis
1038 3958 1149 4040 cavea
1171 3934 1290 4007 minor
