2750 4658
177 431 248 478 un.
276 429 317 478 11.
345 428 392 476 DE
417 421 557 476 nonnis
580 420 778 492 Tnottncts,
802 429 915 480 EPIST·
941 436 1000 482 XV·
1029 441 1100 514 207

78 543 280 622 bronchia
297 566 377 614 non
398 540 522 618 solum
542 537 727 630 infarciri,
751 557 789 619 et
817 531 1103 628 minus‘flexitia

51 652 54 662 ’
80 662 190 751 fieri,
210 660 276 739 sed
293 658 405 736 simul
422 658 583 737 maxime
604 660 727 757 premi
743 664 938 762 contingit.
957 669 1101 746 Verum

80 773 175 860 cum
195 782 276 858 baec
298 780 521 858 constitutio
548 779 595 852 ad
616 781 823 856 sectionem
844 788 1030 883 pertineat
1053 792 1100 864 de

80 902 273 1002 pectoris,
289 915 327 974 et
344 900 506 976 laterum
528 897 683 988 dolore,
701 898 749 972 ad
766 925 849 974 eam
868 903 1101 983 observatio.

82 1016 404 1117 ncs5ejuscemodi
416 1032 565 1091 nostras
575 1013 794 1092 differemus
805 1019 872 1117 (1).
890 1027 935 1094 Et
949 1048 1037 1098 cum
1053 1027 1101 1104 ad

82 1153 243 1225 caetera,
260 1161 344 1234 quae
363 1136 674 1224 memoravimus,
691 1139 944 1214 mutationum
963 1168 1102 1242 genera

84 1258 295 1331 attinentes
308 1253 370 1328 bic
384 1251 537 1350 quidem
552 1250 725 1352 proferre
740 1256 853 1329 nimis
863 1257 1022 1358 longum
1035 1265 1100 1353 sit,

86 1374 178 1452 satis
213 1372 284 1448 erit
306 1395 422 1448 uuum
449 1370 627 1470 tophacei
655 1372 849 1470 pulmonis
875 1376 1103 1454 adscribere.

84 1495 216 1584 Quam
229 1516 277 1566 eo
293 1489 470 1566 libentius
487 1490 666 1588 accipies,
681 1492 788 1588 quod
805 1519 884 1566 non
901 1520 922 1566 a
940 1521 1017 1588 me,
1035 1497 1104 1570 sed

87 1610 135 1687 ab
155 1633 311 1686 summo
328 1608 561 1695 anatomico‚
582 1623 619 1682 et
636 1608 784 1684 medico
802 1613 1011 1710 Malpighin
1034 1631 1100 1689 est.

89 1730 157 1804 ffic
183 1728 309 1814 enim,
328 1751 417 1800 cum
440 1724 676 1814 Albertinus,
699 1752 817 1825 aquo
842 1728 946 1805 tuan
967 1729 1101 1820 habui,

89 1847 130 1924 in
142 1846 377 1924 Bononiensi
393 1847 428 1916 S.
444 1844 568 1918 Mariae
583 1845 631 1916 de
648 1859 770 1916 morte
788 1848 1009 1919 nosocomio
1025 1874 1102 1920 me·

91 1965 167 2044 dici
183 1965 390 2046 assistentis
402 1985 560 2036 munere
569 1961 853 2060 diligentissime
869 1959 1102 2062 fungeretur,

94 2081 253 2172 solebat,
262 2083 381 2180 siquis
395 2079 595 2154 ohscurior
606 2079 791 2160 incideret
802 2076 979 2170 mnibus,
996 2097 1104 2183 rogat

95 2216 153 2278 tus
167 2202 349 2290 invisere,
364 2216 402 2276 et
418 2199 511 2298 quid
531 2197 604 2278 sibi
620 2198 831 2290 videretur,
851 2201 908 2272 illi
922 2200 1103 2293 indicam,

96 2320 253 2396 velutin
276 2345 340 2408 eo,
357 2345 473 2419 quem
490 2318 674 2392 continuo
695 2317 910 2418 subjiciam,
927 2319 1105 2426 casulino·
1192 2317 1193 2328 ’

97 2455 176 2514 tum
194 2455 263 2514 est.

144 2557 207 2632 25.
232 2557 386 2630 Femina
402 2555 590 2636 levissime
609 2553 750 2644 scabie,
765 2553 832 2628 sed
848 2581 928 2634 non
945 2557 1106 2634 levime·

98 2679 151 2751 cie
169 2673 324 2765 affecta,
341 2672 501 2748 subinde
518 2673 713 2762 tussicula,
732 2699 848 2772 quam
866 2675 1015 2748 nullum
1034 2703 1107 2750 un·

99 2821 215 2894 quam
226 2793 384 2868 crassius
395 2790 628 2890 sequebatur
638 2806 971 2893 sputum,semper
980 2813 1109 2869 autem

99 2912 321 2988 difficultate
336 2909 505 3010 spirandi
525 2909 742 3000 vexabatur,
759 2935 874 3008 quam
887 2913 964 2986 sive
974 2915 1109 3012 supine

99 3028 820 3125 siveinaltecutrumlutusjaceretmon
829 3045 1109 3128 proptereaam

103 3149 226 3250 gebat,
239 3163 304 3220 aut
318 3146 523 3219 minuebat.
532 3151 664 3218 Erecta
677 3144 832 3242 quidem
844 3147 988 3218 cervice
997 3148 1109 3245 paulo

104 3265 439 3366 faciliuespimbat3
452 3263 826 3362 sedtumgmvisemt
835 3262 1017 3362 pendetis
1025 3291 1109 3339 sen·

103 3410 166 3460 sus
181 3385 292 3485 quasi
303 3409 325 3456 a
336 3381 553 3456 faucibusin
565 3381 731 3454 thoracis
744 3403 876 3456 cavum
894 3383 1109 3482 pendentis,

105 3525 243 3606 easque
256 3515 432 3602 angustas
447 3498 650 3572 reddentis.
666 3503 770 3572 Hane
785 3495 975 3588 feminam,
987 3503 1113 3599 inquit

107 3619 353 3720 Malpighius,
372 3617 571 3717 probabile
582 3604 662 3710 est,
679 3616 881 3717 pulmones
894 3617 1053 3712 habere,
1070 3632 1113 3690 ut

149 3988 193 4070 (ι)
212 3990 283 4052 vid.
296 3990 391 4068 tpte
408 4007 445 4050 no
459 4001 488 4049 et
504 4009 552 4050 21.
