2766 4670
154 485 227 534 mn.
252 483 280 531 1.
307 483 354 530 DE
381 477 518 528 uounts
543 477 702 544 CANUS,
727 479 839 529 urlsr.
865 481 939 528 XIV·
997 481 1064 557 109

35 599 227 689 ossibus,
242 597 337 696 septi
354 596 471 695 ipsius
487 596 782 682 incrementum,
802 593 905 668 unde
925 619 963 667 se
981 620 1064 668 cur-

41 745 141 791 vare
164 731 323 816 cogatur
336 741 346 804 ;
362 712 402 785 id
416 728 545 784 tamen
561 712 600 783 in
615 710 792 784 omuibus
803 712 984 802 accidere,
994 739 1066 797 nec

41 839 173 924 ratio,
193 859 264 908 nec
277 832 558 905 observationes
568 829 721 904 credere
735 854 796 901 me
809 832 942 902 sinant.
952 825 1066 923 Quod

42 979 185 1052 neque
196 953 347 1025 clarum
364 949 595 1048 Lipsiensem
612 945 864 1046 professorem
874 949 1066 1038 Quelmal·

46 1074 155 1143 zium
178 1068 249 1167 (r)
269 1065 470 1141 credidisse
496 1065 685 1163 intellige,
711 1063 866 1163 quando
889 1080 946 1138 tot
976 1068 1065 1141 alias

45 1209 279 1276 recensens,
296 1209 390 1284 quas
407 1197 472 1255 aut
491 1183 671 1284 conjecit,
690 1197 755 1254 aut
770 1181 1000 1274 observavit,
1012 1188 1067 1258 in-

45 1310 323 1383 curvatiouum
339 1306 488 1380 illarum
506 1329 654 1395 causas,
671 1302 833 1378 hancne
849 1303 968 1378 verbo
983 1297 1066 1405 qui·

45 1427 142 1498 dem
165 1418 298 1524 attigit.
322 1427 391 1496 Eas
406 1440 444 1496 te
463 1423 665 1523 perlegisse
689 1448 770 1495 non
787 1421 1006 1522 poenitebit,
1024 1439 1066 1496 ut

50 1569 186 1642 neque
203 1542 447 1630 detrimenta,
466 1541 676 1630 molestias,
689 1539 1066 1640 impedimenta,quae

51 1660 144 1734 inde
164 1660 312 1759 repetit.
325 1654 478 1730 lllarum
497 1658 626 1757 plures
646 1673 683 1731 et
699 1681 770 1757 ego
785 1683 969 1757 agnosco;
986 1658 1066 1736 baec

50 1805 147 1853 vero
161 1833 174 1868 ,
188 1780 268 1850 imo
283 1792 320 1850 et
340 1775 495 1850 morbos
511 1776 605 1848 alios
617 1778 692 1848 sive
704 1778 853 1874 capitis,
867 1779 943 1851 sive
952 1780 1065 1870 oculi,

53 1899 135 1969 sive
167 1897 278 1968 etiam
308 1895 454 1967 viarum
480 1893 755 1990 lacrymalium‚
782 1917 879 1992 quos
910 1893 959 1965 ab
984 1895 1065 1970 aliis

53 2014 225 2114 produci
253 2012 387 2101 video,
414 2035 493 2083 nou
526 2011 649 2084 solum
680 2007 763 2082 fieri
792 2035 902 2110 posse
931 2013 1064 2106 credo,

56 2129 271 2204 dummodo
290 2129 385 2228 septi
403 2130 615 2202 incurvatio
634 2153 769 2228 magua
786 2131 850 2219 sit,
866 2155 999 2203 verum
1007 2132 1065 2203 iu-

57 2271 177 2351 super
197 2271 243 2318 ex
262 2245 323 2320 his
346 2246 433 2319 sine
455 2245 533 2318 ulla
557 2261 648 2319 nota
671 2271 781 2319 causa
804 2246 1011 2334 diutissime
1028 2263 1067 2323 et

58 2365 357 2466 pertinacissime
376 2364 599 2438 vexantibus
616 2388 750 2464 posse,
769 2367 850 2454 aio,
868 2361 1084 2467 chirurgos

56 2482 200 2556 adduci
213 2481 261 2554 ad
278 2482 373 2581 septi
390 2485 609 2556 curvitatem
626 2482 667 2555 in
683 2507 782 2582 aegro
801 2509 915 2583 quem
932 2511 1067 2558 curan·

57 2600 150 2674 dum
170 2602 422 2698 susceperint,
449 2599 724 2697 conjiciendam
743 2617 780 2674 et
801 2603 1065 2702 indagandam.

60 2722 236 2818 Ipsorum
266 2719 383 2817 gratia
407 2742 479 2792 nec
506 2718 602 2791 illud
628 2743 785 2818 prorsus
812 2722 1066 2798 omittendum

60 2837 309 2925 crediderim,
326 2859 405 2910 esse
433 2836 639 2935 aliquando
665 2852 703 2909 et
728 2837 826 2909 hanc
849 2841 1066 2916 varietatem

62 2979 172 3053 posse
191 2979 305 3054 quam
327 2961 452 3054 nuper
470 2955 717 3027 animadverti
733 3009 745 3044 ,
761 2956 854 3027 dum
876 2959 956 3030 nasi
972 2961 1068 3034 inte-

63 3074 162 3145 riora
184 3070 382 3170 cujusdam
406 3097 501 3145 enus
517 3074 611 3145 meis
633 3072 869 3146 auditoribus
891 3073 1070 3154 demons-

63 3203 212 3264 trarem.
238 3193 395 3288 Septum
421 3205 501 3261 erat
516 3192 640 3288 ipsum
667 3192 707 3260 in
732 3205 905 3263 neutram
923 3209 1068 3290 partem

64 3321 279 3396 curvatum,
301 3322 365 3380 aut
390 3307 622 3380 inclinatum.
647 3305 720 3379 Sed
745 3304 843 3380 infra
861 3308 1070 3386 altitudinis

67 3425 232 3498 medium
248 3424 443 3524 aliquanto
453 3427 614 3524 propius
627 3427 855 3524 posteriora,
870 3452 984 3525 quam
1003 3454 1071 3503 an·

67 3544 224 3632 teriora,
249 3565 336 3642 pars
360 3544 441 3640 ejus
461 3542 611 3616 modica
636 3558 715 3615 erat
735 3567 824 3616 cava
843 3545 883 3616 in
902 3543 994 3622 facie
1013 3552 1069 3622 el-

68 3672 164 3751 tera;
183 3662 225 3733 in
243 3661 359 3734 altera
381 3677 508 3734 autem
537 3685 723 3750 convexa,
742 3659 858 3761 idque
884 3689 930 3736 eo
952 3670 1072 3767 magis

74 3871 1065 3900 mm

107 4005 154 4086 (ι)
169 3979 271 4092 Progr.
286 4013 325 4076 de
334 4012 475 4088 Narium,
491 4032 625 4094 earumq.
637 4014 723 4094 Septi
732 4014 947 4078 nanneticae.
