2766 4670
313 379 380 479 176
471 403 518 450 nn
544 399 690 450 seorsus
715 402 758 448 ur
783 399 908 450 causis
933 401 1143 456 unnnounu

308 520 430 617 ipsum
450 515 705 613 intelligimus.
729 519 825 587 Cum
848 518 948 588 enim
971 543 1016 592 ex
1034 545 1113 619 quo
1136 519 1310 596 homines

302 649 408 722 sunt,
422 633 588 732 proclive
604 631 716 704 fuerit
730 633 1045 725 animadvertere,
1057 661 1079 708 a
1093 651 1252 728 terrore,
1262 638 1306 710 ab
1367 717 1368 724 χ

291 755 375 841 ira,
394 775 415 823 a
435 749 590 849 gaudio,
611 774 631 819 a
650 750 841 836 moestitia,
861 775 881 821 a
908 749 998 824 fletu
1017 779 1131 852 quam
1155 757 1254 844 cito,
1271 770 1305 826 et

302 893 416 966 quam
432 865 629 938 manifesto
639 881 805 938 mutetur
817 868 1033 965 respiratio,
1046 895 1212 970 cumque
1226 897 1306 944 auc·

303 1001 364 1058 tor
375 984 644 1058 vetustissimus
654 982 740 1053 libri
751 981 799 1054 de
813 986 948 1055 Morbo
964 1010 1071 1056 sacro
1088 987 1144 1084 (1)
1157 985 1304 1074 diserte,

303 1127 347 1174 ao
363 1127 450 1174 vere
465 1102 675 1186 monuerit,
692 1125 742 1170 ex
758 1098 866 1170 nulla
890 1099 968 1171 alia
986 1105 1222 1201 uobisparte
1242 1128 1303 1175 vo·

305 1221 466 1317 luptates
478 1223 702 1313 contingere,
722 1231 759 1286 et
775 1215 942 1308 loetitias,
956 1233 994 1290 et
1007 1225 1123 1308 risus,
1144 1237 1182 1292 et
1196 1219 1303 1309 lusus,

306 1359 421 1434 quam
438 1359 485 1406 ex
505 1337 671 1421 cerebro,
690 1340 847 1433 itemque
861 1359 1057 1426 moerores,
1076 1353 1113 1410 et
1130 1345 1303 1410 anxietu-

305 1468 373 1541 ιω,
388 1457 640 1550 tristitiasque,
654 1475 700 1521 ac
715 1449 893 1548 ejulatus,
912 1467 950 1522 et
956 1453 1144 1550 querelas,
1156 1455 1303 1526 videtur

304 1593 394 1643 sane
404 1624 415 1657 ,
436 1595 480 1642 ex
497 1570 555 1642 his
569 1569 724 1641 obvium
740 1567 894 1641 medicis
904 1593 982 1642 esse
997 1569 1182 1661 debuisse,
1192 1593 1303 1672 qnam
1368 1587 1369 1679 t

303 1702 526 1788 potestatem
537 1685 651 1758 habet
662 1687 702 1755 in
714 1686 998 1784 respirationem
1010 1689 1232 1796 cerebrum,
1250 1715 1303 1762 na·
1368 1778 1369 1807 1

304 1805 487 1878 turalibus
504 1803 682 1876 duntaxat
702 1804 1009 1902 cogitationibus,
1033 1829 1098 1878 seu
1120 1809 1302 1906 quotidia·
1368 1849 1369 1868 κ

302 1926 364 1998 nis
373 1926 488 1998 animi
498 1922 761 1995 affectionibus
771 1923 946 1995 nonnihil
957 1942 1203 2018 commotum,
1214 1953 1302 2001 eam·

305 2043 410 2131 dem,
428 2043 624 2138 multoque
642 2042 824 2136 majorem
846 2039 985 2114 habere
1005 2067 1137 2141 posse,
1156 2071 1244 2117 cum
1269 2047 1300 2116 vi

304 2161 431 2233 morbi
447 2159 729 2232 vehementiore
747 2158 930 2247 irritatur,
949 2175 1011 2230 aut
1029 2162 1226 2258 premitur.
1240 2168 1302 2238 Cu·

302 2279 365 2376 jus
383 2280 439 2349 vis
454 2275 629 2348 effectum
647 2275 875 2372 etpraeclare
891 2256 1005 2366 vidit,
1020 2291 1057 2349 et
1071 2275 1235 2352 dilucide
1245 2305 1300 2352 ex·

304 2395 455 2494 plicavit
469 2392 665 2492 Willisius,
681 2392 797 2462 modo
810 2394 851 2463 in
864 2392 1035 2482 cerebr0,
1053 2396 1169 2468 modo
1183 2397 1225 2469 iu
1235 2397 1300 2470 hu-

302 2514 366 2609 jus
388 2509 661 2610 appendicibus
679 2510 864 2600 medulla,
887 2526 923 2583 et
941 2513 1066 2585 nervis
1090 2516 1299 2602 attendens,
1367 2529 1368 2532 ’

305 2627 423 2700 modo
440 2627 703 2699 convulsiones
719 2627 807 2698 inde
822 2645 1019 2726 repetens,
1034 2630 1150 2702 modo
1162 2633 1298 2730 paraly·

306 2769 383 2834 seS,
405 2744 598 2817 ethorum
617 2746 814 2818 alterutras
832 2746 946 2818 modo
967 2748 1006 2817 in
1031 2749 1200 2847 ipsorum
1224 2749 1299 2848 pul·
1367 2757 1368 2788 ³

305 2887 463 2935 monum
492 2863 634 2936 intimis
659 2861 786 2953 fibris,
811 2864 927 2935 modo
952 2867 992 2935 in
1017 2866 1298 2966 diaphragmate

305 2979 1299 3080 statuens,aliisquemusculis'respirationiinservien-

305 3098 416 3172 tibus.
437 3098 549 3189 Quod
570 3098 617 3169 ad
636 3123 753 3196 genus
772 3096 934 3171 difficilis
952 3102 1210 3200 respirationis
1228 3103 1298 3174 dua

305 3218 465 3290 attinent
491 3215 791 3304 observationeS,
816 3216 993 3288 Valsalvae
1021 3221 1158 3316 prima,
1179 3236 1297 3292 nostra

305 3335 443 3424 altera,
462 3359 556 3432 quas
570 3333 639 3406 tibi
657 3335 839 3406 continuo
857 3332 1122 3407 describemus

354 3452 388 3524 6.
407 3454 474 3523 Vir
489 3475 677 3522 annorum
692 3451 950 3550 quadraginta,
961 3469 1126 3524 evaserat
1142 3479 1187 3524 ex
1200 3466 1297 3524 acuta

305 3565 430 3660 febre,
447 3569 600 3659 delirio,
621 3583 659 3642 et
685 3591 870 3669 soporoso
890 3567 1026 3642 affectu
1050 3571 1198 3669 stipata,
1217 3591 1296 3642 cum
1366 3593 1367 3622 t

346 3923 389 4004 (ι)
410 3925 447 3984 n.
466 3924 513 3984 ιε.
