2766 4670
283 491 349 578 148
440 513 487 558 ur
513 507 657 560 surmus
681 509 725 556 ur
751 505 1107 562 crus1su01u³onuu

277 628 572 730 perpendentur,
587 627 649 698 hic
658 617 891 716 omittamus,
902 653 1026 726 neque
1033 655 1102 728 per
1115 652 1267 705 consen·

277 771 360 820 sum
377 745 571 831 duntaxat,
588 758 686 814 autu
702 767 841 842 vapore
853 745 1005 841 spiritus
1017 745 1098 834 hic,
1118 762 1155 819 et
1173 773 1267 822 cerc-

274 863 386 936 brum
403 860 534 934 affecta
544 858 675 947 fuisse,
692 885 816 958 neque
836 863 1057 934 convulsum
1074 863 1177 936 hunc
1190 867 1269 963 qui-

275 981 365 1056 dem,
385 980 578 1052 hominem
600 981 803 1066 interiisse,
827 1003 914 1051 cum
937 978 1083 1052 ebrium
1109 983 1270 1081 aphonia

275 1101 470 1198 coepisset,
495 1119 618 1193 neque
637 1121 683 1168 eo
706 1109 876 1194 tempore
900 1121 978 1194 quo
998 1096 1159 1171 ebrietas
1182 1101 1270 1172 solvi

275 1215 406 1302 debet,
429 1239 502 1284 vox
523 1213 701 1286 rediisset.
724 1213 925 1303 Quodnam
939 1228 1064 1304 autem
1082 1217 1185 1288 istud
1197 1242 1270 1290 esse

273 1348 441 1432 tempus,
466 1331 661 1404 dicemus?
681 1331 784 1418 Scio,
815 1332 854 1400 in
877 1332 1151 1428 Hippocraticis
1169 1333 1271 1406 libris

274 1448 375 1522 aliud
393 1448 481 1522 alibi
498 1448 658 1520 indicari
676 1475 684 1518 ε
701 1463 828 1520 tamen
847 1448 934 1520 setis
955 1446 1090 1522 diserte
1108 1453 1149 1520 in
1169 1455 1205 1521 Il
1228 1449 1272 1522 de

274 1570 434 1655 Morbis,
452 1568 519 1664 qui
537 1568 636 1638 inter
657 1591 721 1638 eos
742 1563 1024 1655 circumfertur,
1051 1566 1164 1639 scribi
1188 1565 1243 1665 (1)
1262 1593 1270 1637 :

274 1690 309 1756 si
325 1688 409 1781 quis
428 1709 477 1755 ex
498 1686 673 1755 ebrietate
688 1707 781 1758 voce
788 1689 975 1782 privetur,
1001 1737 1080 1754 .....
1105 1690 1141 1754 6ί
1160 1681 1271 1755 febris

274 1802 398 1874 statim
407 1826 483 1874 non
496 1808 733 1902 corripuerit,
748 1801 808 1873 die
818 1809 928 1874 tertio
938 1808 1117 1889 moritum
1129 1816 1173 1872 ut
1182 1826 1270 1872 con·

273 1921 381 2016 sequi
392 1919 575 2006 videatur,
587 1921 716 1993 saltem
726 1921 824 1992 intra
834 1919 934 1992 diem
946 1921 1097 1991 tertium
1109 1918 1266 1992 ebrieta-

273 2051 350 2110 tem
365 2038 458 2110 solvi
471 2038 621 2111 debere.
642 2038 714 2109 Sed
734 2036 840 2110 facile
856 2038 1025 2109 Heurnio
1041 2035 1095 2133 (2)
1113 2035 1269 2108 creden-

274 2152 366 2226 dum
376 2169 430 2226 est
444 2155 628 2240 monenti,
642 2155 826 2228 Galerium
835 2145 988 2252 quidem
998 2153 1130 2242 dicere,
1143 2149 1271 2224 secun·

273 2271 324 2343 do
343 2270 409 2344 vel
419 2277 526 2343 tertio
537 2271 599 2342 die
610 2270 826 2366 ebrietatem
838 2271 931 2343 solvi
935 2299 949 2358 ;
960 2295 1049 2342 nam
1056 2293 1180 2342 crasso
1191 2285 1270 2342 ute·

274 2391 505 2460 banturvino
519 2393 657 2460 Groeci:
666 2389 773 2462 αἰὶἰε·
758 2415 796 2460 m
806 2390 896 2460 locis
910 2413 978 2460 sex
991 2387 1198 2485 velseptem
1206 2388 1272 2459 ho-

273 2507 726 2576 rarumesseebrietatem·
713 2506 1273 2604 ,sedefficienttsetsuscipzentis

273 2602 542 2702 ractoremesse
557 2621 786 2713 habendam,
796 2622 986 2708 videlicet,
1002 2620 1274 2694 utmododixe

275 2751 421 2834 rat,pro
428 2762 507 2808 vim
504 2738 741 2830 conditione,
745 2764 836 2836 cegrr
833 2738 1026 2838 peculiare
1030 2754 1181 2827 natura,
1192 2739 1274 2810 loco

275 2853 489 2962 et'tempcre
503 2855 714 2930 illamsolri.
734 2861 828 2928 Cum
844 2857 1012 2929 Heurnio
1022 2857 1109 2928 satis
1118 2879 1274 2930 consen·

276 3346 357 3394 rem
384 3338 514 3397 contra
539 3349 584 3396 ex
610 3324 788 3401 ebrietate
814 3324 912 3416 intra
939 3324 1051 3396 boras
1071 3321 1272 3398 duodecim

276 3453 465 3512 mortuam
481 3465 559 3512 non
579 3441 657 3512 siue
680 3438 878 3531 febricula,
899 3455 936 3514 et
955 3439 1101 3512 levibus
1120 3441 1273 3513 convul-

314 3772 358 3852 (1)
379 3776 416 3831 N.
432 3793 479 3831 66.
597 3771 601 3778 ’

315 3891 696 3970 mhmwmmb

316 4003 361 4086 (3)
380 4007 449 4066 Act.
464 4009 503 4066 N.
515 4009 549 4067 C.
566 4019 637 4067 tom.
653 4005 689 4082 ’6,
706 4009 771 4068 obs.
788 4029 813 4066 1.

274 2970 430 3050 rientem
444 2971 667 3044 inveniescl.
677 2977 936 3071 Raymannum
945 2971 1009 3070 (3),
1021 2974 1086 3070 qui
1101 2997 1147 3045 ex
1155 2973 1274 3046 ebrie·

275 3101 350 3159 tate
373 3087 590 3186 aphonum,
618 3105 655 3162 et
677 3092 753 3186 jam
783 3087 1090 3162 convulsionibus
1112 3089 1273 3162 subinde
1374 3177 1375 3180 Ἴ

275 3206 473 3302 agitatum,
491 3232 566 3304 qua
583 3208 729 3280 ratione
742 3207 963 3297 servaverit,
970 3219 1120 3278 Quarrat
1140 3208 1274 3281 Mulie-
