2750 4658
148 381 219 477 rm.
248 427 290 478 11.
317 426 364 475 nu
390 422 526 492 uouere
552 422 745 489 rnonacts,
770 423 882 474 nrtsr.
909 426 983 472 xv1.
1012 397 1080 497 267
1113 490 1117 495 ‚

75 555 171 641 quot
186 539 312 614 adhuc
327 538 421 628 arti,
438 535 586 636 sibique
599 537 790 627 deessent,
813 539 977 637 ingenue
993 536 1083 614 fate·

74 661 236 748 bantur,
263 657 375 732 etiam
403 657 444 728 in
472 655 609 730 abditis
627 656 771 730 morbis
791 654 1082 754 dignoscendis,

71 777 177 849 velut
198 774 292 863 hoc,
317 788 354 844 et
381 772 580 871 pericardii
608 772 802 872 hydrope,
818 775 888 872 'qui
906 775 1081 874 insuper,

74 894 175 966 utin
194 891 266 964 bac
283 890 520 989 virgine,·sic
540 905 578 966 et
591 891 723 964 inaliis‘
738 891 879 980 tribua,
898 916 979 990 quae
993 916 1082 991 pro-

72 1013 177 1084 tinus
202 1005 375 1098 afferam,
401 1009 580 1108 exemplis
606 1006 655 1082 ad
682 1009 848 1085 thoracis
871 1009 1083 1110 hydropem

78 1125 369 1226 adjungebatur.

122 1245 183 1320 36.
212 1243 348 1318 Mulier
373 1242 731 1344 quinquagesimum
750 1267 865 1344 agens
880 1269 1082 1334 annum,a
1140 1331 1144 1338 ι

76 1362 208 1435 multis
223 1361 303 1456 jam
315 1358 449 1436 diebus
460 1357 682 1450 difficulter,
697 1385 769 1433 nec
786 1363 866 1434 sine
882 1388 997 1451 sono,
1009 1348 1094 1460 spi-2v

78 1480 197 1554 rabat.
212 1483 257 1552 Et
269 1492 397 1554 tamen
415 1477 615 1554 difficultas
627 1504 753 1577 neque
764 1472 982 1554 decubitum
996 1505 1084 1580 pro·

80 1597 261 1685 bibebat,
279 1621 414 1697 neque
445 1621 623 1672 somnum
651 1596 910 1697 abrumpebat.
941 1603 1084 1684 Verum

80 1730 331 1815 praeterquam
348 1716 454 1814 quod
476 1716 674 1790 brachium
696 1715 873 1804 alterum,
893 1716 997 1812 quod
1020 1717 1085 1788 do·

80 1833 198 1923 lebat,
224 1832 408 1908 oedemate
435 1831 600 1912 habebat
624 1829 811 1904 tumidum
835 1832 1007 1929 (qualem
1026 1847 1085 1904 tu·

80 1974 228 2026 morem
244 1951 283 2024 in
301 1951 468 2054 thoracis
484 1948 659 2048 hydrope
679 1954 872 2022 Fantonus
888 1965 994 2047 pater
1011 1949 1085 2048 (1),
1114 2008 1115 2011 η

81 2085 117 2141 et
130 2068 352 2144 Buehnerns
371 2068 613 2166 (a),uliique,
630 2067 719 2140 etin
736 2066 795 2140 his
813 2066 981 2140 Valsalva
997 2091 1085 2140 nos·

81 2202 139 2257 ter
163 2184 220 2283 (3)
245 2185 435 2258 interdum
460 2183 712 2280 adnotarunt)
739 2183 895 2258 eumad
922 2184 1087 2258 thoracis
1135 2240 1141 2245 -

83 2317 233 2376 motum
249 2301 392 2378 diceret
404 2302 686 2374 fluctuationem
698 2303 741 2392 in
753 2303 970 2391 eo'sentire,
990 2327 1087 2402 pon·

84 2420 157 2496 dus
177 2435 304 2494 autem
321 2421 382 2494 vol
401 2422 479 2494 sine
499 2423 608 2493 motu'
614 2447 624 2509 3
644 2420 737 2518 quin
754 2443 851 2518 aqua
871 2421 912 2492 in
933 2419 1087 2494 thorace
1104 2401 1105 2406 ἵ

82 2554 194 2629 esset,
220 2560 301 2611 non
328 2537 528 2612 videbatur
542 2537 801 2612 dubitandum.
824 2541 905 2610 Huc
922 2537 1088 2636 denique

82 2671 119 2729 et
134 2655 281 2756 pedum
298 2655 463 2746 cedema,
481 2657 636 2731 minime
654 2669 762 2728 aucta
778 2653 996 2729 difficultate
1012 2657 1089 2754 spi-

82 2773 384 2864 randi,aocessit
406 2769 545 2863 trihus,
563 2798 612 2846 an
634 2790 797 2872 quatuor
817 2788 902 2846 ante
926 2769 1088 2846 mortem

83 2891 221 2966 diebus
234 2919 242 2962 :
256 2915 338 2990 quae
356 2891 554 2966 mulierem
571 2891 739 2980 abstulit,
749 2891 840 2964 dum
856 2888 1088 2964 forteeibum

86 3033 222 3110 capere
234 3010 428 3108 inciperet.
445 3014 529 3083 Haee
545 3034 672 3108 noque
685 3009 801 3081 animi
813 3006 1089 3082 defectionibus

86 3128 253 3204 obnoxia
268 3125 412 3216 fuerat,
431 3143 501 3202 n'ee
524 3151 695 3226 unquam
712 3124 759 3198 de
776 3125 852 3197 nlla
869 3124 917 3197 ad
941 3149 1008 3196 cor
1025 3149 1088 3196 an·

84 3246 224 3344 gustia',
249 3259 314 3318 aut
331 3246 599 3337 constrictione
623 3241 871 3343 querebatur,
897 3267 1022 3341 neque
1042 3243 1089 3316 de

83 3362 306 3436 lumborum
333 3362 494 3455 dolore,
523 3373 649 3462 neque
678 3361 831 3436 demum
858 3361 937 3436 ullo
962 3361 1008 3434 de
1030 3365 1088 3434 in-

86 3480 291 3554 commodo
313 3481 419 3579 quod
438 3480 486 3554 ad
504 3481 759 3586 ventriculum
780 3482 981 3555 attineret:
1005 3506 1088 3580 quae

124 3782 171 3861 (1)
191 3785 264 3843 Obs.
278 3787 367 3842 Anat.
386 3785 497 3842 Medic.
510 3783 548 3841 30
561 3794 591 3840 et
601 3785 651 3842 38.

127 3882 172 3960 (a)
193 3885 259 3940 Act.
276 3885 316 3942 Ν.
332 3885 365 3942 C.
380 3895 453 3942 tom·
465 3885 499 3960 6,
515 3881 643 3964 obs-50.

124 3979 169 4059 (3)
189 3983 301 4058 Supra,
316 4001 347 4038 n.
368 3993 396 4039 a.
