2766 4670
210 467 280 516 ΜΒ.
310 469 335 516 l·
363 469 410 514 DE
435 465 571 514 MORBIS
596 463 749 530 cariffi,
774 462 885 512 EPIST.
913 465 985 514 tut.
1043 468 1111 541 117

100 575 180 652 bus
200 580 417 680 pendentes.
438 583 539 670 Quas
562 604 648 650 cum
664 580 705 648 in
728 603 1006 676 quamcumque
1026 605 1113 678 par·

99 713 189 769 tem.
204 690 430 786 inciderem3
455 699 506 770 ita
532 709 764 770 constructas
783 695 1047 785 animadverti,
1071 714 1113 771 ut

97 815 205 886 intra
231 815 369 886 album.
388 814 605 902 reticulum,
633 813 709 884 sive
736 814 852 885 mavis
879 815 978 885 intra
1005 813 1110 888 albos

102 934 534 1008 cancellosrubicundas
546 957 649 1006 areas
662 933 862 1031 complecti
873 931 1110 1004 viderentur:

101 1077 264 1151 quaeres
277 1054 388 1124 simul
401 1051 659 1151 glandulosam
678 1075 807 1122 earum
823 1049 1114 1122 crassitudinum
1204 1057 1206 1060 ’

100 1185 282 1242 naturam
299 1168 566 1256 confirmabat,
591 1168 702 1240 simul
725 1166 984 1265 glandulosam
1002 1168 1113 1266 poly-

102 1274 286 1385 posarum
300 1286 589 1360 caruncularum
607 1285 792 1382 originem
809 1281 1041 1354 ostendebat.
1059 1282 1114 1354 Ad

103 1405 209 1476 hanc
221 1402 376 1476 fortasse
385 1400 581 1476 referenda
596 1415 699 1489 sunt,
713 1425 795 1498 quae
810 1399 850 1470 in
866 1399 1017 1472 duobus
1032 1400 1113 1472 aliis
1183 1461 1190 1470 .

103 1525 210 1611 viris,
221 1523 286 1594 sed
295 1522 375 1594 aliis
384 1522 424 1592 in
435 1519 605 1608 sedibuS,
616 1534 652 1591 et
662 1517 770 1590 aliter
786 1542 824 1590 se
836 1517 1113 1610 habentia‚ani·

103 1641 303 1714 madverti.
321 1643 366 1710 In
380 1639 497 1711 altero
514 1642 615 1712 enim
628 1635 676 1710 ad
686 1637 920 1735 superiorem
937 1639 1017 1712 nasi
1032 1664 1112 1737 par·

101 1775 182 1832 tem
195 1775 272 1831 tres
288 1774 353 1830 aut
365 1773 530 1855 quatuor
540 1759 639 1828 inter
652 1781 691 1828 se
703 1757 833 1828 vicinae
846 1758 953 1851 quasi
967 1756 1111 1828 sessiles

102 1897 273 1946 verrucae
285 1871 552 1959 occurrebant,
571 1897 731 1969 quarum
746 1872 969 1962 substantia,
988 1898 1110 1970 quan·

102 2005 186 2063 tum
209 1992 249 2062 in
273 2014 400 2062 earum
425 1989 558 2086 exigua
579 1987 777 2061 altitudine
790 1989 961 2085 judicare
983 1990 1109 2087 potui,

102 2105 267 2206 fungosa
278 2105 488 2177 videbatur.
502 2109 617 2176 Erant
634 2103 691 2176 bae
708 2107 748 2176 in
764 2107 880 2179 altera
899 2107 980 2179 nasi
999 2131 1110 2179 cavea

103 2223 564 2325 propeloraminulentam
578 2224 753 2295 laminam
761 2225 853 2298 ossis
861 2223 1109 2298 etbmoidisin

103 2357 215 2440 septo
232 2344 333 2440 ipso,
352 2342 490 2429 sirecte
510 2343 675 2414 memini.
694 2343 856 2420 Alterius
870 2329 995 2416 autem
1018 2343 1109 2432 viri,
1169 2360 1180 2395 ¹

103 2461 171 2559 qui
184 2459 417 2558 hydropicus
434 2459 495 2531 ille
509 2458 596 2550 fuit,
619 2461 659 2531 in
678 2485 757 2560 quo
772 2461 965 2534 dexterum
987 2463 1107 2560 lacry-

102 2577 241 2649 malem
256 2577 411 2652 ductum
434 2577 614 2666 coaluisse
627 2577 878 2676 adnotavi(1),
890 2604 976 2651 cum
994 2579 1107 2676 hujus
1151 2618 1154 2625 ·

102 2693 293 2768 orificium
309 2695 446 2768 ductus
464 2693 603 2768 frustra
615 2721 841 2794 quaererem;
860 2697 1110 2770 animadverti
1225 2695 1229 2706 '

101 2837 183 2886 eam
208 2811 340 2886 faciem
369 2814 462 2886 ossis
484 2813 666 2887 turbinati
684 2814 887 2904 inferioris,
911 2817 978 2915 qui
1000 2814 1106 2886 faciei

99 2930 287 3007 orificium
299 2931 394 3004 illud
404 2931 519 3028 objici
531 2934 741 3023 cousuevit,
755 2931 999 3006 totamlerme
1010 2959 1104 3032 prae·

101 3051 229 3122 sertim
247 3047 425 3124 inferiora
435 3073 585 3139 versus,
598 3050 780 3124 consitam
795 3049 1003 3125 tuberculis
1016 3074 1103 3121 con-

98 3165 321 3255 fertissimis,
344 3165 467 3240 forma
483 3183 520 3240 et
539 3169 796 3268 magnitudine
806 3193 1017 3266 ‚granorum
1038 3169 1104 3250 mi·

98 3283 154 3370 lii,
171 3286 245 3356 nisi
259 3285 363 3382 quod
380 3285 518 3383 partim
534 3301 641 3358 erant
659 3285 774 3386 paulo
792 3286 974 3382 majores,
996 3285 1102 3384 glan-

99 3399 379 3475 dulaseinereo
403 3402 548 3493 colore,
568 3420 605 3476 et
630 3403 807 3492 humore,
827 3421 939 3502 quem
968 3428 1102 3503 pressa

98 3543 175 3590 non
192 3522 459 3618 paucissimum
477 3522 715 3614 emittebant,
734 3521 993 3596 referentibus.
1015 3527 1102 3598 Erat

97 3637 128 3708 is
143 3637 284 3710 humor
299 3643 443 3730 tenuis,
456 3656 492 3714 et
507 3640 691 3714 inodorus
704 3668 808 3740 aquae
818 3645 955 3714 instar:
974 3641 1101 3714 tuber·

128 3999 170 4080 (ι)
190 4002 287 4079 Epist.
306 4003 357 4076 13,
374 4023 405 4060 u.
419 3993 480 4078 27.
