2812 4660
169 423 310 472 nin-11.
336 423 395 472 ¹nu-
411 421 547 474 nonars
572 421 767 492 monacis,
791 426 903 476 nmsr.
930 429 1002 476 xvr.
1029 405 1101 480 305

95 536 229 625 video,
245 536 320 608 hoc
339 536 512 638 detentos
538 562 588 608 ex
617 543 836 636 improviso,
849 556 995 638 praeter
1011 551 1103 616 ossi·

96 653 265 725 dentium
280 659 594 752 expectationem,
609 659 807 754 inopinata
820 673 958 747 morte,
976 686 1103 758 repen-

96 777 179 842 tina
194 786 316 854 morte
332 770 530 862 decessisse
544 769 610 868 (1)
627 775 775 846 Interea
787 773 853 846 ubi
869 775 1030 848 aliorum
1042 777 1104 849 ab·

96 885 239 958 fuerint
249 886 471 958 morborum
481 886 637 986 indicia,
651 888 752 961 illius
769 903 860 961 vero
880 916 994 988 quem
1012 892 1102 985 huic

97 1004 208 1076 valde
219 1003 371 1076 affinem
387 1029 466 1078 esse
479 1019 644 1094 constat,
659 1004 841 1105 hydropis
854 1007 1019 1082 thoracis
1033 1011 1103 1082 alia

97 1121 471 1218 quidemabfuerint,
490 1137 532 1195 ut
550 1121 803 1197 fluctuationis
820 1148 949 1198 sensus
966 1130 1005 1200 in
1019 1129 1104 1200 tho-

97 1239 195 1312 racis
213 1238 616 1338 praesertimpartibus
634 1264 655 1311 a
678 1240 792 1313 corde
817 1243 1106 1336 remotioribus,

98 1371 142 1428 ut
161 1357 331 1455 spirandi
347 1371 470 1444 erecta
487 1359 629 1430 cervice
648 1359 848 1432 necessitas
864 1377 950 1458 post
965 1366 1106 1460 primas

97 1475 337 1574 potissimum
357 1477 480 1548 somni
496 1474 626 1562 horas,
643 1489 686 1546 ut
702 1475 901 1559 decubitus
917 1481 956 1549 in
970 1482 1105 1572 alteru-

96 1608 202 1664 trum
221 1592 316 1664 latus
332 1592 453 1664 multo
470 1575 679 1680 difficilior,
702 1617 828 1689 neque
849 1597 949 1665 enim
971 1601 1106 1696 saepius

99 1709 253 1801 accidit,
269 1723 312 1781 ut
327 1733 395 1808 par
412 1733 514 1805 aquae
530 1709 639 1806 copia
654 1709 695 1778 in
718 1723 924 1806 utrumque
943 1711 1107 1786 thoracis

6 1809 7 1812 Ἴ
100 1851 235 1900 cavum
251 1828 351 1899 intra
361 1827 462 1898 idem
476 1839 623 1922 tempus
634 1841 879 1924 congeratur;
895 1827 964 1898 alia
978 1844 1107 1902 autem

102 1943 274 2041 ejusdem
285 1944 468 2042 hydropis
478 1941 683 2016 indiciavel
694 1944 799 2015 nulla
811 1945 975 2034 sin·t‚vel
987 1946 1107 2018 multo
1214 2041 1220 2047 .

102 2062 313 2161 leviora‚ut
327 2076 477 2134 artuum
493 2077 638 2149 tumor,
654 2075 697 2132 ut
706 2062 831 2150 tussis,
846 2077 890 2133 ut
904 2063 998 2152 sitis3
1012 2087 1110 2162 aeger

101 2201 193 2269 nero
207 2180 256 2252 ad
274 2182 393 2279 ipsam
410 2177 535 2252 cordis
551 2178 678 2250 sedem
698 2180 847 2277 pondus
862 2182 968 2277 quasi
985 2179 1109 2278 quod-

104 2297 191 2370 dam
208 2299 360 2388 sentiat,
379 2297 427 2370 ad
443 2312 590 2368 motum
608 2311 733 2368 autem
753 2299 923 2395 corporis
943 2301 1109 2397 opprimi

105 2439 171 2487 cor
179 2470 191 2505 ,
206 2429 245 2488 et
258 2415 365 2512 quasi
379 2415 604 2512 constringi,
623 2415 757 2512 spiritu
770 2413 1029 2511 quadantenus
1044 2416 1110 2490 de·

102 2532 275 2620 ficiente,
292 2531 470 2609 haecvero
480 2533 558 2630 ipsa
571 2531 757 2628 tollantur
774 2555 885 2622 mox,
901 2547 968 2604 aut
982 2533 1124 2631 leven--

104 2665 185 2740 tur,
205 2652 292 2722 cum
306 2649 424 2746 quieti
436 2673 473 2720 se
486 2650 673 2738 restituet,
686 2649 998 2748 commodiusque
1008 2651 1109 2724 hanc

105 2768 229 2866 capiat
251 2763 483 2838 decumbens
502 2764 636 2836 humili
659 2767 798 2864 capite;
824 2765 912 2854 ubi,
931 2768 1111 2865 inquam,

106 2884 188 2956 haec
205 2862 331 2955 onmia
348 2882 460 2956 simul
481 2879 635 2972 fuerint,
660 2896 723 2955 aut
741 2882 870 2954 saltem
890 2884 1110 2982 complura;

107 3026 181 3101 ego
198 3000 353 3099 quidem
370 2999 420 3072 ob
437 2999 636 3097 plerasque
652 3023 801 3086 earum,
824 3025 906 3096 quae
924 3023 1039 3098 supra!
1049 3013 1113 3072 aut

108 3121 303 3218 descriptae
334 3133 398 3206 aut
422 3131 721 3190 commemoratae
747 3131 852 3205 sunt,
885 3115 1111 3187 observatio·

107 3263 221 3326 num;
236 3238 305 3308 etsi
317 3250 506 3334 procerto
515 3260 595 3306 non
604 3232 867 3332 pronunciabo
876 3235 972 3321 ,veri
985 3247 1112 3305 tamen

108 3354 363 3442 simillimum,
389 3367 426 3424 et
447 3353 607 3429 maxime
630 3349 828 3450 probabile
856 3363 934 3422 e'sse
959 3333 1110 3441 ducem,

109 3471 321 3569 hydropem
337 3493 414 3542 esse
424 3467 633 3567 pericardii.
647 3469 785 3570 Dinero
803 3482 926 3540 autem
941 3483 1045 3540 tanto
1060 3468 1111 3542 fa-

31 3604 34 3610 '
109 3589 237 3676 cilius,
264 3589 294 3658 si
312 3600 489 3685 praeterea
509 3611 554 3657 ex
577 3580 621 3657 iis
640 3583 735 3657 forte
754 3608 850 3681 aeger
869 3587 915 3658 sit
933 3589 1000 3682 qui
1019 3601 1112 3658 tunc

150 3870 194 3949 (1)
215 3870 286 3928 Vid.
298 3889 404 3946 supra,
418 3889 449 3926 n.
462 3867 496 3940 6,
512 3887 562 3939 17,
576 3824 628 3940 24,
644 3867 701 3941 36,
718 3868 771 3942 38,
787 3879 816 3926 et
826 3871 893 3928 Act.
903 3869 942 3924 N.
953 3868 987 3924 C.
1000 3878 1071 3924 tom.
1084 3863 1113 3937 5,
1172 3882 1179 3896 ¹

113 3970 177 4030 obs.
195 3991 267 4046 121,
282 3981 312 4030 et
323 3982 397 4036 tom.
414 3970 449 4045 6,
463 3968 528 4029 obs.
544 3968 610 4036 143.

183 4098 216 4143 2.
349 4094 351 4096 ’
897 4087 942 4135 20
1045 4118 1049 4124 -
