2750 4658
254 3695 263 3743 l

308 409 380 484 266
478 432 526 482 nn
550 429 697 480 sturnos
720 431 766 478 nr
790 427 915 479 causis
939 427 1150 478 uonnoruu

308 572 399 646 que,
412 543 655 646 pinguedinis
667 542 807 618 similes
817 567 862 617 ex
873 541 961 617 albo
977 541 1157 616 flaventis.
1174 546 1304 642 Caput,

307 665 487 762 quoniam
501 663 628 761 virgo,
650 685 673 734 a
698 685 758 735 me
778 683 874 762 saepe
896 660 937 734 in
953 661 1178 738 nosocomio
1200 661 1303 735 inter·
1367 675 1368 680 ’

306 795 456 882 rogata,
482 805 608 882 neque
636 778 787 868 dolere,
816 803 940 876 neque
962 778 1036 853 alio
1066 778 1304 853 incommodo

305 904 465 993 tentari,
481 915 697 976 constanter
708 899 973 998 responderat,
988 923 1066 974 uon
1080 901 1281 998 attigimus.

344 1019 412 1094 ⁸35.
438 1024 543 1094 Inter
562 1017 717 1092 morbos
736 1032 908 1105 caeteros,
928 1018 996 1114 qui
1016 1017 1153 1092 scabiei
1181 1017 1303 1117 repul-

305 1139 451 1212 sionem
470 1151 775 1236 consequuntur,
789 1135 874 1232 jure
893 1134 1125 1234 hydropem,
1144 1135 1303 1210 thoracis

240 1351 245 1359 .
306 1280 479 1354 quoque,
497 1255 704 1342 recenseri,
720 1252 798 1326 hec
810 1266 940 1326 nostra
952 1254 1011 1325 vel
1026 1253 1183 1343 clarius,
1195 1278 1301 1354 quam

306 1372 469 1444 Storchii
480 1371 615 1471 (1)viri
629 1371 961 1470 experientissimi,
980 1367 1183 1444 confirmat
1201 1371 1303 1444 histo

231 1529 234 1540 ·
303 1490 370 1562 ria.
391 1494 574 1562 Caeterum
599 1489 680 1562 noli
702 1488 855 1562 credere
886 1488 1074 1565 medicum
1094 1513 1175 1562 non
1202 1491 1303 1587 igno·

302 1607 417 1680 bilem
435 1609 513 1706 ,qui
528 1606 642 1682 semel
664 1620 777 1704 atque
794 1607 932 1680 iterum
951 1608 1173 1706 sanguinem
1192 1608 1303 1695 misit,

301 1725 341 1798 id
358 1749 436 1798 esse
453 1726 701 1824 suspicatum,
711 1725 977 1823 etsanguinem
986 1738 1112 1798 tamen
1123 1724 1299 1812 eduxisse,

300 1843 566 1943 astipulantem
575 1842 738 1916 Vallesio
747 1843 872 1942 potius
884 1842 939 1941 (n)
951 1842 1129 1942 probanti
1141 1843 1299 1942 quadan·

170 1963 175 1974 ’
299 1975 429 2051 tenus,
454 1986 570 2059 quam
594 1961 738 2033 Galeno
761 1959 865 2033 haud
882 1959 1051 2034 laudanti
1075 1976 1298 2060 preceptum

301 2079 406 2177 quod
424 2079 574 2154 extatin
587 2093 755 2150 extremo
770 2075 888 2151 ferme
900 2077 999 2151 libro
1016 2078 1225 2152 duratione
1237 2085 1298 2153 vic·

302 2211 360 2268 tus
385 2203 423 2268 in
440 2196 579 2268 morbis
604 2191 745 2284 acutri,
774 2210 817 2268 ut
843 2195 945 2294 apud
964 2195 1173 2268 Vallesium
1193 2196 1296 2270 latine

301 2311 492 2386 redditum
514 2328 569 2385 est
593 2340 601 2383 :
628 2319 662 2384 si
682 2311 916 2411 hydropicus
939 2311 1148 2410 dffficulter
1171 2319 1295 2412 spiret,

289 2433 485 2528 fiteritque
507 2436 601 2501 anni
622 2444 765 2529 tempus
788 2435 974 2517 aestivum,
996 2443 1142 2505 ectetas
1156 2434 1295 2527 vigeat,

300 2563 338 2618 et
349 2541 467 2619 robur
478 2547 590 2635 adsit,
600 2554 819 2646 sanguinem
830 2573 855 2619 a
869 2548 1188 2638 brackioauferre
1200 2571 1296 2647 opor

299 2679 359 2734 tet.
378 2663 481 2736 Nihil
495 2665 681 2761 ejusmodi
695 2667 735 2738 iu
752 2665 919 2740 mentem
932 2678 1085 2738 venerat
1104 2666 1293 2766 suspicari,

297 2797 340 2856 ut
357 2806 483 2879 neque
496 2783 603 2861 alteri
619 2784 674 2855 illi
689 2783 856 2874 medico,
875 2809 896 2856 a
915 2809 992 2882 quo
1013 2807 1091 2856 non
1111 2807 1222 2859 secus
1239 2781 1291 2855 de·

296 2914 457 2975 tractum
481 2902 701 3002 sanguinem
725 2927 804 2976 esse
823 2903 985 2975 diximus
1003 2900 1059 3000 (3)
1077 2901 1290 2978 adolescen-

295 3021 385 3092 tulo.
401 3023 456 3091 Tu
476 3020 568 3119 quid
585 3045 683 3119 aegro
701 3020 852 3118 utrique
866 3019 954 3092 inde
969 3018 1167 3109 acciderit,
1184 3019 1294 3093 aduo-

295 3137 410 3210 tabis:
432 3139 583 3236 utrique
596 3152 720 3211 tamen
736 3139 909 3236 ignosces
926 3135 1095 3228 medico,
1110 3161 1236 3236 eoque
1247 3133 1293 3208 fa-

135 3290 139 3299 ·
239 3248 241 3252 ’
295 3256 419 3346 cilius,
435 3254 540 3353 quod
559 3270 694 3328 neuter
710 3280 756 3328 ex
777 3255 929 3328 illorum
948 3269 1027 3328 erat
1048 3279 1213 3328 numero
1232 3253 1290 3354 qui

295 3395 332 3444 se
351 3370 427 3442 falli
444 3395 523 3443 non
541 3398 652 3471 posse
671 3371 854 3463 credunt,
871 3372 1100 3463 sibiomnia,
1115 3371 1213 3444 nihil
1227 3396 1288 3444 cae·

294 3489 382 3560 teris
396 3477 614 3564 tribuentes.
627 3495 709 3563 Imo
723 3504 903 3590 uterque,
918 3506 955 3564 et
967 3490 1172 3591 presertim
1184 3489 1286 3572 alter,

331 3782 376 3861 (ι)
394 3786 463 3841 Act.
480 3788 519 3843 N.
532 3789 565 3845 C.
583 3800 656 3845 tom.
674 3786 708 3860 5,
725 3788 791 3848 obs.
808 3797 874 3860 147·

329 3883 373 3961 (a)
392 3885 461 3942 vid.
476 3885 565 3960 hujus
576 3891 740 3963 comment.
753 3889 785 3947 in
796 3888 939 3965 Hippocr.
954 3891 1054 3947 locum
1066 3886 1230 3948 indicatum·

327 3981 374 4059 (3)
393 3986 430 4040 N.
446 3985 494 4042 30.
