2820 4662
191 429 260 480 m.
287 429 328 477 ιι.
356 427 407 477 ιιι
433 419 570 477 notare
595 417 788 496 erroneis,
814 417 926 480 misr.
946 421 1052 480 xvnr.
1079 409 1155 510 ὥς
1216 493 1223 502 ,

144 544 206 618 rire
223 545 414 642 inoipiunt·
431 543 593 631 anterio,
607 545 760 616 tertium
775 545 839 618 blo
853 547 1010 646 insuper
1021 545 1153 641 luisse,

140 679 219 735 nen
232 661 664 752 veroadlatttsdexterl,
684 663 749 736 sed
771 665 931 754 sinistri,
949 687 1067 763 eaque
1077 688 1153 742 mu·

140 779 359 880 gnitudine,
378 795 420 852 ut
447 791 549 852 tanta
570 795 768 878 nunquam
790 781 886 854 illud
914 785 1152 880 conspexisse

138 898 380 976 meminerim
399 896 504 996 quod
522 892 611 970 alias
634 897 690 996 (1)
713 899 761 970 od
785 899 929 974 dexteri
948 900 1045 972 latus
1065 901 1152 974 des»

138 1016 264 1114 oripsi.
284 1015 356 1088 Sed
376 1015 495 1096 multo
516 1014 662 1089 facilius
690 1013 760 1088 fuit
779 1034 1002 1115 agnoscere,
1031 1017 1078 1090 ab
1105 1019 1152 1092 iis

136 1125 297 1206 vstrulls
311 1132 428 1214 ferme
443 1133 491 1205 ad
506 1154 586 1209 eam
602 1149 723 1232 usque
740 1133 887 1224 sedem,
905 1134 1006 1208 unde
1020 1137 1150 1234 primst

137 1251 319 1342 oriuntur
340 1250 599 1329 intereostales
614 1249 829 1342 inferiores,
856 1269 1032 1351 magnam
1052 1265 1151 1328 artes·

135 1371 234 1442 riam
254 1387 333 1442 esse
361 1369 563 1442 dilatatam
586 1369 700 1459 Quod
725 1390 804 1440 non
830 1371 955 1444 minus
975 1369 1150 1445 manifesb

133 1503 326 1576 tumeret,
343 1503 457 1585 quam
470 1501 551 1558 toto
561 1510 606 1558 eo
621 1499 744 1558 tractu
754 1473 993 1577 durioribus,
1006 1501 1043 1560 et
1056 1512 1152 1564 oras-

135 1603 302 1678 sioribus
317 1627 398 1676 esse
414 1603 569 1690 tunic-is,
596 1601 691 1684 facie
705 1617 831 1674 eutem
848 1603 996 1678 interna
1018 1608 1150 1702 pleris-

133 1737 212 1818 que
229 1721 268 1791 in
285 1720 379 1792 locis
394 1718 507 1808 lleva,
526 1731 563 1790 et
578 1717 717 1788 indicia
735 1717 958 1788 ostendente
969 1723 1148 1815 proximae

133 1839 179 1908 in
197 1861 239 1910 os
260 1837 499 1925 mutationis,
524 1835 650 1934 qualia
672 1836 784 1906 etiarn
808 1835 957 1912 initium
979 1835 1151 1912 exhlhuit

133 1956 290 2032 alterlus
305 1955 510 2030 subelaviee
533 1952 637 2044 Quin
646 1953 769 2027 statim
783 1963 896 2048 etque
909 1968 1012 2023 aorta
1023 1958 1151 2027 voea‘ri

134 2069 765 2168 descendenspoterat,nonnullas
776 2089 925 2167 parvas,
942 2069 1006 2146 sed
1019 2092 1151 2145 revera

135 2211 262 2296 osseas
280 2187 437 2258 laminas
455 2188 558 2261 intus
570 2177 749 2274 habebat,
764 2185 981 2284 ibidemque
996 2211 1079 2267 non,
1091 2211 1149 2260 see

136 2330 205 2376 cus
224 2327 268 2376 ao
289 2305 319 2376 sl
337 2303 511 2382 distracta
528 2302 672 2393 fuisset,
690 2301 820 2391 fibras,
848 2323 918 2374 nec
943 2317 1146 2402 angustum
1260 2311 1263 2323 “

135 2421 185 2492 ad
196 2422 358 2518 spatium
372 2420 594 2494 ostendebat
607 2441 700 2494 suast
718 2425 769 2491 Po
849 2435 911 2491 mo
927 2433 1001 2518 qua
1013 2407 1058 2492 ad
1073 2421 1147 2495 dia·

133 2536 319 2636 phragma
337 2539 558 2628 accedebat,
586 2435 938 2637 quibusdartprasi
956 2539 1068 2610 sulcis
1088 2551 1146 2612 see

133 2653 302 2727 eundum
320 2655 597 2754 longitudinem
613 2656 735 2730 ductis
751 2669 895 2728 exarata
911 2655 1120 2729 videbatur.-

183 2771 241 2845 35.
269 2776 324 2846 De
348 2768 407 2845 his
431 2775 585 2872 quidem
611 2775 724 2850 sulcis
748 2775 837 2846 alias
853 2773 906 2871 (a)
927 2773 974 2846 ad
994 2789 1030 2848 te
1050 2777 1144 2848 seri⁴

130 2890 242 2980 ham3
258 2909 345 2960 nam
364 2903 402 2962 et
417 2891 456 2960 in
467 2890 548 2962 aliis
558 2891 815 2964 animadverti.
829 2895 884 2962 De
900 2899 1003 2962 tanta
1015 2905 1143 2966 autem

130 3007 196 3078 illa
213 3004 472 3096 uisceribus,
491 3009 632 3078 ventris
646 3007 873 3105 praesertim,
892 3019 1076 3104 ooneepta
1093 3002 1142 3078 ad

131 3124 324 3196 insolitam
341 3124 582 3222 putredinem
599 3121 863 3221 dispositione,
881 3135 945 3194 aut
960 3109 1006 3193 de
1025 3123 1142 3221 pulsl·

130 3239 206 3312 hus
224 3233 291 3339 qui
308 3242 453 3340 percipi
471 3264 550 3318 non
567 3253 762 3340 poterant,
782 3239 878 3312 nihil
894 3239 1017 3316 habeo
1034 3239 1141 3338 quod

132 3359 274 3448 dicam,
291 3360 364 3430 nisi
382 3357 452 3432 hos
470 3356 567 3434 forte
582 3357 819 3432 convulsioni
836 3355 910 3454 (3),
928 3357 1029 3428 illam
1049 3369 1141 3430 vero

133 3475 322 3574 pessimae,
332 3499 415 3573 quae
426 3500 464 3550 se
478 3499 600 3578 nuper
616 3475 861 3573 adjunxisset,
874 3471 971 3548 febri
982 3475 1143 3547 velimus

177 3773 224 3851 (r)
242 3774 336 3852 Epist.
350 3777 439 3832 Anat.
455 3771 509 3843 15,
527 3791 559 3831 ιι.
573 3773 604 3832 8.

177 3872 223 3950 (a)
242 3873 335 3948 Epist.
354 3879 408 3945 24,
426 3893 456 3928 n.
472 3873 509 3940 34
527 3883 556 3928 et
572 3873 620 3946 37.

177 3971 222 4051 (3)
243 3972 320 4030 lbid.
333 3993 365 4030 n.
381 3993 416 4046 7,
432 3972 465 4028 in
482 3970 533 4028 fin.
