2812 4660
185 447 251 496 mr.
280 447 321 494 11.
348 447 394 493 ua
420 418 555 492 nonnis
580 443 773 507 ruonacrs,
798 443 909 492 rrrsr.
936 445 1038 493 xvm.
1067 424 1138 522 389

142 545 308 660 spectare
326 560 456 631 Galeni
474 557 620 643 locum,
649 558 678 628 si
695 582 739 627 ex
757 556 899 629 ultimis
915 559 1039 632 verbis
1054 585 1141 633 con·
1202 545 1207 556 ¹

137 681 318 773 jecturam
340 677 550 774 capiamus,
577 699 651 771 qua
673 675 819 745 ratione
841 675 904 746 illa
924 701 1006 772 quae
1029 701 1140 776 supe-

50 831 52 836 ·
139 795 302 867 rioribus
318 796 535 892 scripserat,
561 790 772 889 explicaret.
787 793 856 862 ·Siu
878 807 1003 863 autem
1027 794 1142 865 malu-

138 937 239 1001 mus,
257 927 302 983 ut
322 909 476 984 sortasse
493 908 693 998 debemus,
715 905 816 979 aliud
842 907 932 997 illis,
958 910 1058 981 aliud
1080 910 1140 982 his

137 1030 261 1102 verbis
277 1030 435 1100 omnino
452 1024 694 1126 significasse3
713 1026 1007 1098 animadversam
1029 1028 1142 1124 igitur

136 1144 225 1219 olim
252 1171 407 1245 quoque
428 1143 541 1216 fuisse
560 1137 780 1229 fatebimur,
801 1143 919 1241 ipsam
939 1159 975 1214 et
994 1158 1140 1243 tempo-

135 1265 285 1352 ralium,
300 1280 336 1335 et
344 1263 574 1360 jugularium
583 1285 765 1332 venarum
773 1261 1139 1358 pulsationemNam

67 1377 71 1385 ’
136 1381 400 1481 Hippocratica
423 1379 487 1450 illa
513 1403 695 1452 venarum
714 1378 950 1474 jugularium
971 1378 1139 1477 pulsatio

134 1500 329 1572 vehemens
347 1496 393 1566 ab
408 1502 426 1567 J
429 1497 551 1567 acolio
570 1495 636 1592 (1)
657 1510 694 1566 et
709 1499 854 1566 Dureto
869 1497 912 1590 (2
925 1496 960 1590 l,
980 1495 1025 1567 de
1043 1512 1138 1568 arte·

135 1617 198 1687 riis
218 1629 374 1712 accepta
389 1628 444 1684 est
460 1640 468 1682 :
485 1611 590 1708 quod
606 1609 727 1682 facere
742 1624 782 1680 in
794 1610 969 1682 Galenica
980 1611 1138 1684 hacuon

136 1733 242 1820 licet,
258 1730 324 1803 ubi
337 1729 385 1800 ab
403 1729 548 1799 arteriis
564 1727 701 1798 diserte
715 1751 818 1796 venae
836 1726 1137 1823 distinguuntur,

136 1864 171 1920 et
185 1849 380 1948 jugulares
395 1870 498 1916 venae
516 1860 677 1917 externae
693 1843 921 1940 apertissime
946 1843 1139 1942 designan-

134 1980 208 2036 tur.
228 1964 302 2036 Sed
320 1961 473 2060 quando
490 1960 559 2032 has
582 1984 697 2031 venas
719 1959 861 2030 alterne
886 1959 1030 2032 attollat
1049 1959 1138 2032 sub-

131 2083 321 2178 jectarum
338 2080 560 2151 arteriarum
580 2079 713 2174 ingens
727 2076 907 2174 pulsati03
926 2074 1028 2148 haud
1045 2075 1139 2148 diffi-

134 2200 206 2271 cile
221 2199 293 2269 erit
306 2194 621 2282 animadvertere,
641 2217 719 2264 uon
739 2195 836 2291 ipsas
849 2208 995 2265 tantum
1009 2218 1139 2282 venas,

134 2315 204 2387 sed
221 2329 259 2384 et
274 2297 398 2411 partes
412 2311 500 2382 colli
513 2312 699 2410 proximas
713 2312 823 2384 simul
835 2311 972 2400 attolli,
986 2314 1062 2383 imo
1078 2335 1138 2383 eas

135 2433 257 2528 magis
273 2441 357 2529 qu'ae
386 2428 615 2502 carotidibus
630 2455 649 2500 e
667 2430 820 2526 regione
845 2431 961 2528 magis
981 2413 1138 2528 respon-

130 2549 242 2622 dent.
264 2547 376 2639 Quod
394 2549 423 2620 si
440 2549 518 2646 ipsa
530 2570 616 2620 vasa
626 2547 811 2645 pulsantia
821 2547 971 2626 dilatata
982 2551 1022 2619 in
1038 2549 1136 2620 collo

138 2682 284 2756 extent,
299 2681 409 2763 atque
423 2667 666 2764 promineant
690 2693 697 2734 :
723 2681 806 2736 tum
817 2687 908 2736 vero
925 2690 947 2736 a
964 2666 1138 2737 carotidi·

139 2783 212 2857 hus
228 2809 361 2872 venas,
384 2782 431 2853 de
457 2781 595 2879 quibus
613 2782 827 2878 loquimur,
846 2781 1076 2882 distinguere
1092 2783 1139 2852 li·

143 2901 262 2990 cebit,
291 2903 323 2971 si
350 2900 525 2969 extimam
554 2899 689 2968 harum
718 2898 864 2987 sedem,
892 2913 929 2970 et
955 2897 1140 2996 parietum

143 3016 438 3102 mollitudinem,
463 3013 631 3112 illudque
654 3016 695 3083 in
722 3015 853 3110 primis
876 3037 963 3084 cum
989 3018 1142 3084 Moran-

145 3134 194 3206 do
210 3133 268 3232 (3)
278 3129 531 3218 attendamus,
541 3153 717 3227 appresso
728 3129 845 3225 digito
861 3155 942 3226 quae
954 3153 1040 3227 pars
1048 3131 1144 3202 vasis

145 3252 244 3323 infra
258 3252 363 3322 huuc
379 3248 468 3336 erit,
490 3270 593 3330 eam,
607 3261 649 3317 ut
665 3247 937 3318 circumitionis
955 3248 1145 3344 sanguinis

147 3371 348 3468 requirunt
359 3367 480 3464 leges,
497 3364 756 3436 detumescere
767 3389 867 3462 sque
878 3389 1010 3463 supra,
1021 3380 1145 3436 tumo-

148 3512 228 3586 rem
243 3510 401 3582 augere,
415 3497 479 3554 aut
493 3497 592 3555 certe
609 3506 765 3554 servare.
786 3484 883 3554 Nolo
898 3498 1022 3554 autem
1034 3486 1145 3554 mire-

191 3781 235 3860 (ι)
255 3785 288 3838 L.
303 3801 334 3853 a,
351 3783 463 3837 Comm.
477 3779 509 3836 in
523 3779 610 3836 Coae.
625 3798 647 3834 s.
664 3800 697 3853 a,
714 3801 744 3837 n.
759 3790 806 3852 [μ.

193 3881 236 3957 (a)
256 3885 291 3937 In
308 3883 395 3938 Coae.
410 3883 432 3935 l.
444 3898 476 3951 a,
492 3899 518 3936 c.
535 3897 585 3950 ro,
599 3897 629 3933 u.
647 3898 670 3934 1.

193 3979 237 4056 (3)
256 3983 326 4038 Loc.
345 3981 394 4037 cit.
412 3997 516 4057 supra,
531 3979 568 4038 ad
579 3998 608 4036 n.
624 3998 652 4051 9.
