2648 4508
111 434 119 470 z·
241 375 311 449 506
404 398 451 445 nn
475 396 623 444 anninus
642 397 697 443 nr.
717 395 844 448 caus1s
868 392 1078 444 nonronnn

201 538 205 543 ’
241 520 363 601 terim,
380 529 419 584 et
434 506 552 598 nerei,
570 525 658 583 sunt
678 516 734 581 ita
760 515 955 608 contigua,
970 524 1017 581 ut
1034 535 1157 585 vurnam
1174 537 1258 611 pro

239 631 359 703 altero
375 631 708 729 occeptumfaerr't.

289 749 347 821 38.
376 752 556 819 Praeterea
584 748 624 818 in
651 744 910 843 strangulatis,
935 743 983 816 de
1016 745 1158 844 quibus
1191 745 1259 823 hie

220 868 477 966 'potissimum
493 848 692 964 quaeritur,
712 889 798 935 curn
819 862 973 948 obvium
992 865 1054 953 sit,
1074 891 1155 936 non
1172 890 1257 939 mo·

239 985 289 1057 do
309 986 483 1057 universa
497 983 580 1070 itta,
593 983 663 1055 sed
679 997 715 1054 et
734 1006 903 1080 asperam
920 983 1095 1054 arteriam
1114 984 1254 1059 eodem

181 1088 196 1108 ⁶
237 1120 411 1203 tempore
423 1101 652 1198 c'onstringi3
673 1086 739 1171 cur
754 1125 831 1171 non
845 1098 944 1171 hanc
959 1101 1147 1200 praecipue
1165 1127 1255 1176 cau·

237 1247 316 1296 sam
332 1221 379 1292 ad
389 1219 469 1310 illas
483 1217 695 1290 addendam
707 1243 798 1304 esse,
810 1217 1052 1317 putabimus?
1069 1224 1147 1293 Nec
1162 1245 1252 1294 sano

239 1363 336 1438 opus
354 1353 409 1410 est
430 1338 686 1436 experimenta
699 1338 895 1408 instituere
910 1336 956 1407 ad
976 1339 1178 1437 proprium
1190 1362 1252 1412 oc·

238 1456 417 1528 clusionis
436 1455 549 1550 hujus
566 1455 713 1526 canalis·
730 1452 905 1527 effectum
932 1455 1007 1526 cito
1031 1454 1252 1529 lethiferum

238 1572 579 1670 comprobandum.
599 1577 714 1644 Casus
730 1573 809 1670 ipse
822 1583 903 1642 non
925 1597 1011 1644 raro
1024 1572 1166 1645 obtulit
1180 1601 1190 1643 ε
1206 1587 1253 1645 ut

237 1715 322 1763 curn
339 1690 834 1780 Drusus9Claudii·Caesaris
848 1689 1023 1788 impuber
1036 1689 1156 1780 filius,
1173 1689 1250 1764 suf·

235 1807 380 1881 foratus
394 1824 450 1881 est
458 1834 557 1908 pyro
564 1835 642 1906 per,
661 1808 781 1878 lusum
800 1814 838 1877 in
856 1802 1014 1879 sublime
1019 1811 1197 1905 jactate,
1214 1825 1251 1882 ot

237 1927 346 1997 hictu
373 1932 447 1997 oris
470 1942 644 2024 recepte,
668 1939 710 1995 ut
733 1924 846 1995 tradit
868 1927 1069 1997 Suetonius
1085 1924 1157 2022 (1),
1186 1941 1250 1999 aut
1296 2005 1298 2011 ,

235 2059 321 2115 cum
335 2046 482 2140 juvenis
496 2043 690 2129 robustus,
704 2043 835 2140 dequo
845 2043 1008 2114 habesin
1017 2043 1248 2142 sepulchre·

233 2160 1251 2260 to(2)‚frustulocarnisinlaryngemillapso,ethancto·

232 2294 310 2352 tam
322 2281 537 2365 obturante,
549 2281 1122 2379 subitopereunterespiratione,
1139 2296 1246 2354 ante-

198 2498 201 2503 ⁴
233 2423 348 2501 quam
362 2398 610 2470 advocaretur
625 2397 845 2495 chirurgus,
860 2413 912 2470 est
922 2400 1145 2490 suffocatus.
1164 2401 1247 2472 Uti·

232 2530 320 2587 nam
349 2516 564 2602 rarissime,'
583 2516 659 2583 imo
686 2540 880 2611 nunquam
905 2515 990 2587 talia
1009 2517 1244 2604 acciderent,

232 2656 303 2702 nec
323 2631 463 2703 celeres
487 2630 580 2703 adeo
607 2646 747 2703 mortes
766 2633 813 2703 ab
832 2633 1018 2729 ejusmodi
1034 2659 1147 2708 causa
1159 2658 1245 2707 nar·

178 2803 181 2810 .
230 2748 367 2820 randas
386 2733 524 2820 petitus
547 2749 747 2848 chirurgus
768 2750 908 2851 (3)‚et
923 2776 1044 2850 nuper
1063 2777 1242 2851 quoque,

230 2882 273 2939 ut
289 2857 381 2939 alios
397 2881 631 2965 praeteream,
653 2868 806 2940 illustris
825 2870 995 2942 Hallerus
1015 2869 1072 2965 (4)
1085 2870 1242 2944 habuis·

231 3001 323 3060 sent.
336 2989 483 3084 ¹itaque.
495 2985 708 3056 mirandum
727 2984 804 3056 non
828 3003 899 3072 est,
923 2988 1117 3085 pluribus,
1141 2989 1240 3062 inter

230 3106 459 3177 recentiores
474 3106 602 3193 etiam,
617 3118 656 3174 ut
665 3105 835 3175 Dionisio
850 3103 916 3200 (5),
931 3090 1158 3203 Lauggutho
1171 3103 1227 3202 (6)

332 3457 376 3510 De
395 3454 521 3510 duodec.
535 3454 673 3509 Caesarib.
687 3453 705 3507 l.
723 3452 756 3524 5,
770 3473 796 3509 c.
812 3472 858 3524 27.

253 3587 255 3592 ·
333 3556 411 3611 Sect.
429 3551 484 3609 hac
498 3571 531 3623 a,
550 3553 614 3609 obs.
631 3553 659 3608 6.
