2812 4660
282 425 356 516 tal,
446 449 493 496 rr
520 447 667 498 surinus
692 451 737 496 ur
762 449 886 498 causis
912 453 1125 506 nonronors

276 589 369 640 men.
386 564 556 638 Valselva
572 587 651 634 non
673 563 746 635 nisi
771 562 829 636 his
844 565 937 664 ipsis
953 565 1088 642 diebus
1110 585 1283 668 potuerat

275 683 498 782 cnplora're..

326 825 378 889 ro.
406 801 533 873 Puella
550 823 739 870 annorum
759 798 961 890 tredecim,
984 801 1032 874 ab
1057 819 1145 876 ortu
1164 833 1283 906 usque
1395 885 1396 908 χ

270 918 348 992 fore
372 941 522 1018 semper
541 915 831 1004 valetudinaria,
862 919 1063 1014 postremis
1089 925 1282 1000 mensibus

269 1039 379 1136 queri
405 1035 512 1134 caepit
538 1033 585 1106 de
607 1032 795 1106 laboriosa
815 1037 1082 1134 respiratione,
1111 1045 1278 1142 tussique

269 1175 355 1228 oum
374 1155 493 1228 multo
514 1174 715 1250 crassoque
732 1166 864 1250 sputo,
883 1170 920 1225 et
936 1158 1078 1230 ventris
1096 1159 1281 1234 intumesa

268 1275 401 1348 centia.
423 1271 480 1345 ld
496 1253 592 1360 haec,
607 1269 748 1342 ultimis
767 1270 850 1341 vitta
863 1270 1000 1346 dicbus
1017 1271 1112 1348 iacta
1131 1293 1188 1350 est
1205 1303 1278 1352 ma·

205 1391 207 1398 ’
266 1394 322 1493 gis
335 1392 595 1477 siticulosa,et
607 1385 717 1460 ualde
728 1385 918 1480 famelica3
934 1389 1032 1463 seda
1045 1391 1133 1466 cibo
1148 1395 1279 1496 ingens

265 1509 478 1583 abdominis
496 1507 639 1594 tensio,
664 1503 876 1577 accedebat.
908 1507 1040 1580 Pulsus
1058 1525 1138 1584 erat
1158 1513 1278 1606 celer,

265 1627 404 1716 durus,
429 1642 465 1700 ot
490 1649 641 1726 parvus.
672 1623 838 1696 Pectoris
861 1639 988 1698 autem
1014 1630 1188 1726 augustia
1217 1632 1278 1707 ati·
1332 1659 1333 1662 ’

262 1744 417 1844 quando
434 1741 669 1842 usqueadeo
691 1739 964 1832 invalescebat,
992 1758 1034 1816 ut
1057 1769 1138 1820 non
1164 1749 1277 1824 semel

261 1881 282 1936 s
302 1863 403 1934 lento
422 1859 661 1961 gemebunda
675 1859 884 1958 improviso
911 1877 1091 1960 surgeret.
1108 1865 1275 1942 Tandem
1395 1917 1396 1956 ,

259 2005 342 2053 une
359 2005 404 2052 ex
423 1977 645 2075 hujusmodi
662 1979 894 2076 paroxysmis
914 1993 1108 2077 correpta,
1136 2007 1272 2086 magno

217 2099 224 2118 '
259 2119 346 2172 sum
366 2098 531 2171 clamore
551 2097 944 2194 ct·impetu,repente
962 2096 1068 2170 obiit.

309 2220 356 2286 ln
374 2229 508 2288 ventre
527 2213 636 2313 oopia
656 2214 730 2284 seri
755 2210 841 2285 flavi
862 2211 982 2286 effusi.
1007 2219 1270 2310 Ventriculus,

258 2351 295 2407 et
312 2334 488 2406 intestina
505 2355 591 2403 aere
609 2329 816 2430 plurimum
835 2330 1006 2406 distenta.
1018 2334 1110 2410 Lien
1125 2337 1269 2434 predu-

258 2469 345 2536 rus,
360 2447 488 2520 colore
504 2463 599 2518 atro.
617 2451 698 2518 ch
714 2447 863 2522 sinister
879 2449 1037 2522 interius
1061 2451 1268 2548 quadante-

257 2590 329 2638 nus
346 2564 609 2641 inilemmatns.
632 2562 781 2636 Thorax
798 2566 870 2638 seri
889 2580 1037 2640 tanturn
1059 2571 1266 2660 continuit,

255 2701 299 2758 nt
314 2685 405 2754 dum
421 2682 659 2780 cartilagines
674 2683 721 2753 ad
737 2697 906 2754 sternam
921 2701 1160 2775 annonantur,
1177 2713 1266 2787 pro·

256 2802 383 2876 silicet.
398 2800 566 2899 Thymus
582 2821 750 2898 magnus.
763 2801 965 2876 Pulmones
980 2805 1061 2878 sani
1073 2805 1148 2878 nisi
1165 2805 1266 2903 quod

195 3011 198 3015 Ι
256 2921 396 2996 sinistri
417 2919 623 2992 substantia
652 2942 772 3018 prope
796 2919 987 2994 bronchia
1007 2923 1154 3017 majora
1174 2924 1264 3000 adeo

254 3038 495 3124 induruerat,
512 3051 553 3108 ut
562 3036 779 3108 solidiorem
788 3061 938 3110 carnem
953 3040 1192 3114 mentiretur.
1204 3047 1264 3114 Pe·

253 3154 456 3230 ricardium
476 3171 641 3252 quatuor
657 3170 722 3225 aut
740 3155 911 3254 quinque
930 3157 1060 3230 uncias
1083 3159 1157 3230 seri
1183 3158 1263 3234 sub·

252 3273 353 3361 flari3
381 3273 533 3345 dextera
560 3289 686 3350 autem
715 3271 843 3344 cordis
870 3273 1045 3348 auricula·
1058 3275 1140 3348 eam
1162 3277 1262 3350 intus

126 3444 128 3452 ,
251 3390 416 3465 habebat
435 3391 628 3487 sanguinis
648 3389 818 3488 copiam,
843 3405 886 3461 ut
908 3389 1093 3478 distenta,
1113 3393 1261 3491 magni*

251 3507 423 3582 tudinem
445 3506 569 3578 cordis
598 3503 715 3578 ferme
744 3523 917 3604 aequaret.
950 3511 1121 3605 Uterque
1149 3510 1261 3608 hujus

249 3625 482 3696 ventriculus
501 3624 723 3723 polyposam
736 3627 1018 3700 concretionem
1029 3680 1039 3715 ,
1050 3629 1155 3702 muci
1170 3629 1258 3700 den·

249 3745 318 3818 sati
345 3767 459 3841 quam
488 3742 738 3831 simillimam,
765 3741 1002 3833 continebam
1033 3743 1099 3822 sed
1129 3746 1258 3822 dexter

247 3860 499 3959 grandiorem.
520 3859 635 3950 Quod
644 3862 835 3960 reliquum
848 3878 920 3964 est3
937 3877 1017 3936 tum
1030 3863 1252 3961 pericardii,

245 3992 328 4052 tum
337 3980 478 4064 ventris
488 4001 634 4067 serum,
648 3977 727 4076 igni
742 3981 975 4080 impositum,
983 3981 1023 4056 in
1032 4005 1144 4060 auras
1154 3982 1253 4068 abiit,
