2842 4672
311 459 360 560 tn
472 489 518 540 ns
545 484 692 540 ‘suerrus
718 487 761 535 nr
787 487 912 536 ciuus
938 487 1148 540 unisonum

311 609 413 684 tibus
423 621 526 687 recte
535 605 762 676 constitutus
772 602 905 686 oculus
915 626 1109 702 apparere,
1130 629 1324 704 quaprop-

261 810 264 819 ,
310 725 429 800 torah
447 725 546 810 aliis,
564 737 607 793 ut
624 719 858 808 dicebamus,
871 735 977 816 gutta
990 745 1140 810 serena3
1158 720 1205 793 ab
1224 723 1317 812 aliis,
1394 811 1397 821 q

308 859 389 920 uta
416 837 602 914 Rollincio
622 840 662 908 in
683 861 727 909 ea
746 837 1026 926 observatione,
1047 853 1244 912 cataracte
1258 843 1323 912 ni-

224 971 228 981 '
310 984 377 1064 gra
402 959 610 1046 vocitatum
635 956 796 1027 maxime
821 971 1083 1054 opportunum
1104 973 1159 1030 est
1180 959 1227 1029 iis
1253 960 1322 1056 qui
1415 979 1416 1027 ὲ

309 1077 476 1154 certisde
488 1076 608 1148 causis
618 1073 812 1145 interdum
824 1073 967 1146 aulient
975 1075 1154 1147 morbum
1161 1077 1321 1148 simula-

308 1221 372 1286 re,
391 1193 467 1268 hoc
486 1195 724 1294 potissimum
748 1207 945 1290 correptos
959 1217 998 1266 se
1011 1192 1175 1291 lingere,
1191 1207 1228 1264 et
1244 1215 1321 1266 me

308 1315 404 1389 dicis
418 1315 550 1402 etiam,
568 1325 610 1383 ut
623 1327 903 1408 nonnunquam
923 1309 1020 1400 ridi,
1040 1312 1167 1410 magni
1180 1312 1220 1381 in
1234 1312 1320 1384 vul·-

308 1454 378 1533 gus
390 1431 568 1518 nominis,
584 1432 794 1528 imponere.
807 1432 981 1500 Attamen
998 1427 1066 1502 ubi
1083 1426 1225 1500 fraudis
1239 1454 1319 1502 sus-

305 1551 407 1651 picio
427 1563 500 1634 cst,
519 1573 633 1619 nemo
647 1562 771 1647 potest
787 1545 924 1644 decipi,
937 1548 1009 1618 nisi
1022 1548 1089 1645 qui
1103 1544 1199 1618 forte
1217 1572 1319 1620 nun-

306 1690 423 1766 quam
438 1686 524 1738 oum
542 1667 665 1737 Plinio
680 1663 1083 1762 (1)-a.nimadqerterit,
1102 1685 1215 1762 quam
1242 1667 1320 1738 rari

212 1797 224 1822 '
306 1787 382 1858 sint
392 1785 458 1882 qui
468 1799 602 1856 eontra
612 1787 938 1855 comminationem
949 1777 1118 1880 aliquem
1133 1805 1210 1852 non
1228 1807 1316 1856 con·

305 1909 470 1988 uicerint,
493 1917 720 2000 quantaeque
736 1901 808 1972 hoc
829 1901 1065 1999 difficultmis
1086 1906 1136 1972 sit
1159 1901 1315 1972 homini.
1415 1919 1416 1922 ’

214 2034 217 2041 “
304 2022 406 2112 Quin
429 2019 525 2100 mihi
550 2021 590 2089 in
618 2018 825 2090 illiusmodi
850 2019 1069 2091 simulatore
1086 2043 1174 2089 cum
1192 2019 1317 2117 suspi-

305 2141 455 2214 cionem
484 2149 663 2234 augerent
684 2131 930 2234 pupillae'nec
949 2136 1127 2224 dilatatae,
1145 2161 1217 2208 nec
1244 2137 1315 2208 im-

303 2271 437 2343 motae,
454 2255 613 2325 memini
630 2255 718 2324 satis
732 2251 844 2325 fuisse
857 2253 1012 2351 digitos,
1025 2255 1134 2351 quasi
1146 2279 1216 2352 per
1234 2279 1317 2327 cau·

305 2395 384 2446 sam
401 2365 619 2468 diligentius
630 2370 783 2474 qculum
794 2369 1031 2459 observandi,
1051 2371 1160 2443 tacite
1178 2371 1225 2444 ad
1240 2373 1318 2470 pal-

304 2489 442 2590 pebras
463 2487 683 2580 admovere3
707 2487 775 2560 has
802 2490 924 2578 enim,
947 2477 1151 2588 antequam
1184 2504 1319 2590 tange·

303 2630 407 2696 rem,
427 2605 563 2704 planus
580 2605 643 2676 ille
663 2607 847 2678 continuo
868 2608 1045 2696 occlusit,
1063 2631 1245 2706 suamque
1263 2608 1315 2680 ita

303 2724 475 2796 fraudem
497 2724 636 2794 invitus
654 2726 811 2822 aperuit.
829 2727 952 2816 Quam
970 2722 1116 2796 facilem
1136 2725 1231 2798 adeo
1246 2724 1315 2798 ob·

303 2845 481 2939 viamque
499 2841 683 2914 rationem
701 2842 820 2913 miror
836 2847 892 2915 lo.
912 2848 1017 2942 Bapt.
1037 2843 1254 2915 silvaticum
1272 2845 1313 2916 in

303 2961 473 3057 alioquin
488 2959 712 3032 utililibello
724 2963 904 3050 omisisse,
918 2961 986 3058 qui
1002 2960 1050 3032 de
1066 2967 1110 3030 iis
1129 2969 1314 3058 quimor-

303 3081 389 3150 bum
399 3074 587 3175 simulant,
599 3077 918 3176 deprehendendis
930 3077 1167 3168 inscribitur,
1180 3079 1247 3152 ubi
1257 3078 1312 3176 (n)

301 3195 480 3266 simulato
498 3219 671 3266 sensuum
681 3202 845 3293 privatio
864 3221 941 3294 qua
958 3203 1105 3268 ratione
1114 3201 1239 3294 possit
1247 3194 1312 3268 de-

301 3309 561 3408 tegi-ostendit.
582 3315 677 3382 Nam
691 3314 822 3384 oculos
836 3313 992 3410 quidem
1005 3312 1186 3410 objicere,
1204 3313 1310 3409 quod

298 3429 546 3530 ipsevidetur
563 3430 746 3520 indicare,
765 3436 940 3502 maximis
955 3429 1231 3530 splendoribus,
1258 3430 1308 3503 ob

298 3548 338 3618 id
358 3550 482 3646 ipsum
499 3548 756 3645 periculosum
779 3564 835 3620 est
859 3551 1181 3765 experimetm
1204 3548 1308 3645 quod
1415 3587 1416 3622 i

296 3664 356 3737 his
380 3667 431 3738 ait
443 3667 565 3737 visum
582 3692 659 3735 non
678 3669 849 3759 infestari
867 3667 996 3756 modo,
1015 3691 1054 3738 se
1118 3672 1209 3738 tiam
1230 3690 1308 3738 cor·

264 3991 265 3998 1
312 4010 314 4013 ,
334 3952 377 4031 (1)
398 3955 505 4009 Natur.
518 3953 595 4011 Hist.
609 3955 628 4012 l.
646 3973 698 4024 11,
714 3974 740 4010 c.
757 3954 804 4025 37.

336 4052 379 4131 (α)
400 4055 506 4156 C.11.⁸
