2766 4670
273 439 342 516 180
433 465 479 512 nr
505 461 651 512 surmus
669 462 719 510 ar
744 459 869 510 causrs
894 461 1103 512 nonnonun

267 577 394 667 brum,
404 577 435 649 si
446 575 550 673 quod
563 558 729 672 unquam
740 573 854 661 aliud,
862 598 949 647 vasa
957 578 1085 647 omnia
1095 574 1276 680 ostendit,

267 719 350 793 quae
368 717 436 792 per
448 708 600 766 tenuem
616 694 830 790 meningem
840 685 1274 790 discurrunt,sanguine

265 810 434 909 turgida:
452 825 489 882 et
498 809 688 906 sanguinis
698 810 859 881 multum
875 809 914 880 in
928 810 973 881 iis
983 811 1092 881 etiam
1103 805 1175 882 fuit
1186 833 1274 906 quae

265 952 333 1028 per
355 927 602 1000 medullarem
622 925 860 1022 trajiciuntur
880 925 1135 999 substantiam.
1156 929 1271 998 Caete·

264 1069 351 1118 rum
364 1069 449 1117 cum
459 1042 688 1116 cerebellum
698 1059 793 1116 esset
804 1045 1030 1118 laxissimum
1043 1097 1052 1134 ,
1067 1043 1273 1116 cerebrum

264 1164 387 1262 ipsum
405 1161 531 1232 laxum
548 1184 627 1231 non
643 1157 721 1232 fuit

313 1305 346 1377 9.
374 1280 536 1366 Mirum,
566 1276 665 1348 hanc
692 1277 890 1350 mulierem
918 1301 1041 1375 neque
1068 1277 1271 1368 delirasse,

264 1421 389 1494 neque
409 1397 568 1493 sopitam
580 1392 767 1484 fuisse,ut
779 1395 874 1485 dixi,
886 1395 959 1468 illis
968 1396 1108 1468 ultimis
1119 1395 1269 1486 diebus3

263 1540 311 1586 an
327 1512 430 1611 quod
446 1526 531 1585 ante
550 1515 792 1586 novissimum
810 1513 1008 1604 morbum,
1027 1506 1113 1587 vasa
1128 1515 1194 1588 illa
1205 1541 1268 1589 ce·

262 1631 365 1704 rebri
380 1631 457 1726 jam
475 1630 614 1704 habere
631 1646 847 1704 consuesset
859 1633 975 1730 magis
986 1632 1182 1730 aliquanto
1192 1631 1267 1706 dis·

261 1763 377 1837 tenta,
386 1773 499 1845 quam
514 1772 662 1847 aequum
672 1745 860 1820 foretisic
872 1749 972 1821 ¹enim
985 1749 1114 1822 liceret
1122 1763 1266 1820 utrum·

263 1890 337 1964 que
360 1866 592 1964 intelligere,
622 1879 658 1938 et
678 1889 746 1938 cur
764 1866 890 1938 minus
913 1890 1027 1964 quam
1051 1867 1194 1956 caeteri,
1220 1856 1265 1940 sit

260 2008 367 2084 passa
381 1983 428 2057 ab
444 1983 601 2056 adaucta
621 1998 813 2082 postremo
828 2007 1003 2056 vasorum
1020 1982 1263 2072 distentione,

261 2117 299 2175 et
320 2127 388 2174 cur
413 2100 460 2173 ab
487 2097 558 2173 bac
581 2114 708 2189 antea,
729 2101 865 2197 majori
889 2091 1044 2173 fortasse
1063 2100 1110 2172 ad
1129 2125 1262 2173 eorum

260 2243 465 2292 nervorum
481 2219 645 2315 origines
655 2218 722 2315 qui
736 2215 904 2316 spirandi
915 2219 1065 2315 organis
1081 2215 1260 2291 famulan-

258 2351 341 2426 tur,
361 2335 479 2432 magis
492 2333 564 2405 illae
582 2357 802 2433 compressae
817 2358 898 2405 non
911 2358 1018 2407 secus
1033 2334 1261 2432 pulmonum
1357 2371 1358 2386 2

259 2451 384 2526 officia
400 2450 619 2540 turbarent,
635 2475 677 2523 ac
696 2452 726 2524 si
746 2451 787 2521 hi
803 2475 933 2524 revera
954 2450 1101 2522 infaceti
1124 2466 1258 2526 essent.

258 2573 337 2670 ¹Nec
353 2568 478 2656 dicas,
504 2560 608 2640 sires
623 2591 662 2640 se
681 2568 729 2640 ad
745 2568 849 2640 bunc
866 2567 1022 2640 modum
1044 2567 1259 2656 habuisset,

257 2686 456 2758 mulierem
477 2681 589 2758 luisse
609 2700 718 2758 antea
736 2686 783 2758 de
803 2687 924 2784 capite
941 2686 1072 2784 magis,
1086 2685 1258 2783 quamde

257 2803 437 2891 thorace,
458 2816 523 2874 aut
546 2803 676 2874 saltem
704 2829 810 2902 aeque
834 2817 1139 2900 conquesturam.
1164 2807 1256 2876 Nam

256 2936 296 2994 et
313 2934 444 3018 questa
465 2943 544 2993 esse
557 2923 698 3018 potuit;
715 2945 786 2992 nos
805 2922 905 2992 enim
924 2920 1063 3017 quibus
1081 2919 1258 2994 anteaob
1348 2965 1351 3022 Α

198 3039 200 3044 ’
254 3041 367 3112 noxia
381 3053 477 3110 esset
490 3037 758 3125 incommodis,
782 3041 957 3135 ignorare
973 3036 1092 3110 coacti
1110 3062 1255 3126 sumus,

254 3171 291 3230 et
309 3156 432 3252 potuit
448 3156 558 3226 etiam
569 3180 649 3226 non
665 3179 745 3226 esse
758 3168 897 3251 questa.
915 3157 1051 3252 Accipe
1062 3157 1164 3228 enim
1175 3179 1253 3254 quae

253 3297 276 3344 a
292 3272 460 3344 Valsalva
477 3274 517 3342 in
536 3271 694 3343 consilio
721 3270 887 3367 quodam
914 3274 1051 3369 scripta
1071 3288 1160 3345 sunt
1184 3296 1252 3373 pro

254 3387 488 3464 nobilissimo
514 3389 612 3473 viro,
636 3388 702 3483 qui
722 3411 808 3458 cum
828 3403 928 3494 recte
952 3389 1092 3462 valeret
1109 3393 1249 3489 capite,

255 3503 567 3578 convulsionibus
602 3503 818 3576 tentabatur
847 3504 895 3576 ad
926 3520 1037 3578 testes
1064 3508 1251 3604 primum,

252 3621 342 3700 inde
359 3621 406 3694 ad
419 3622 643 3702 ‚universum
658 3623 764 3719 quasi
779 3637 964 3709 ventrem,
983 3623 1073 3695 hinc
1084 3622 1249 3724 denique

252 3739 300 3811 ad
328 3754 450 3836 capnt.
477 3739 625 3812 Scilicet
645 3739 684 3808 in
703 3739 889 3835 ejusmodi
919 3738 1065 3812 casibus
1091 3765 1129 3814 se
1154 3739 1249 3814 haud

252 3855 368 3928 semel
409 3854 598 3925 invenisse
639 3837 708 3953 per
732 3856 985 3929 'dissectiones
1020 3855 1251 3944 affirmabat,

251 3972 541 4048 convulsionum
559 3971 744 4070 originem
763 3975 803 4044 in
819 3975 902 4074 ipso
918 3973 1095 4066 cerebro,
1124 3999 1251 4076 quam-
