2820 4662
127 476 195 524 mr.
222 475 263 523 n.
291 474 338 520 nn
365 467 860 536 uonarsruon·ac1s,arrsr.
887 473 963 522 xix.
993 449 1064 549 509

15 617 18 658 ι
63 588 370 676 circumitionem.
388 581 581 684 Siquando
597 599 721 658 autem
734 587 954 685 priusquam
969 604 1067 662 tran·

15 735 18 776 i
64 708 148 780 situs
167 704 361 807 sanguinis
383 727 452 802 per
474 700 679 812 pulmones
704 705 870 776 omnino·
887 706 1068 803 impedia-

15 857 18 900 ε
63 839 138 915 tur,
164 821 262 897 forte
283 822 494 919 contingat,
519 835 562 891 ut
587 819 723 893 obeas
747 845 875 895 causas
901 849 985 923 quae
1005 849 1066 896 su-

15 991 17 1020 ,
63 967 127 1041 pra
150 941 216 1041 (1)
238 952 539 1016 commemoratae
567 953 675 1028 suut,
706 937 850 1037 aliquid
874 943 1067 1040 sanguinis

15 1095 17 1138 Ξ
61 1057 220 1132 influere
230 1073 329 1130 tunc,
340 1071 473 1156 pergat
485 1081 554 1154 per
573 1055 757 1129 carotidas
771 1059 899 1131 minus
909 1057 1066 1132 adstric-

15 1225 16 1254 1
61 1191 129 1267 tas,
148 1199 266 1275 quam
295 1177 371 1248 sint
390 1175 604 1274 jugulares3
625 1199 705 1246 non
731 1173 847 1249 modo
872 1179 1066 1277 sanguinis

15 1335 16 1374 3
61 1295 273 1368 circumitio
293 1318 362 1393 per
387 1292 587 1366 cerebrum
609 1292 803 1384 subsistet3
829 1294 895 1368 sed
918 1298 999 1395 ipse
1023 1322 1066 1370 ea

15 1451 16 1494 2
61 1415 166 1511 copia
180 1411 444 1501 cumulabitur,
458 1410 561 1482 unde
572 1421 758 1483 mox’vasa
768 1411 1065 1512 disrumpantur,

57 1531 158 1603 velut
174 1531 216 1602 in
236 1555 279 1602 ea
300 1529 458 1600 muliere
479 1551 599 1626 quamw
616 1527 690 1598 viri
717 1527 798 1600 duo
819 1543 862 1600 ut
877 1547 987 1603 antea
1008 1534 1064 1630 (2)

58 1650 218 1722 relatum
232 1658 305 1736 est,
317 1645 495 1736 manibus
509 1643 714 1717 constricto
725 1645 842 1735 colle,
856 1643 1065 1746 strangula-

59 1781 208 1854 verunt-2
224 1769 270 1835 In
297 1763 487 1837 illa-enim
514 1763 735 1861 sanguinem
762 1759 922 1836 effusum
951 1787 1066 1864 supra

57 1881 178 1958 basim
201 1882 338 1970 cranii,
359 1895 396 1954 et
420 1882 461 1951 in
482 1880 702 1953 ventriculis
721 1882 865 1954 invenit
876 1882 1036 1956 Littrius
1055 1911 1064 1953 ε

57 2001 168 2097 cujus
183 1998 380 2098 explicatip
396 1999 543 2069 nonita
561 1998 749 2096 discrepat
767 1999 815 2071 ab
835 1998 906 2071 hac
923 2015 1062 2073 nostra.

57 2115 278 2214 Secundum
301 2139 414 2214 quam
436 2114 532 2187 illud
549 2116 689 2214 pariter
703 2115 865 2214 intelligi
880 2118 979 2209 licet,
997 2141 1066 2190 cur

55 2237 97 2306 in
123 2255 309 2333 suspenso
337 2229 447 2324 fure,
468 2255 583 2330 quem
611 2237 744 2306 Petrus
769 2235 958 2326 Nunnius,
979 2259 1066 2308 cnm

51 2351 240 2422 Bononiae
256 2374 441 2439 essemus,
464 2349 659 2442 dissecuit,
685 2353 789 2426 sinus
813 2368 949 2452 ruptus
971 2357 1067 2428 esset
1138 2389 1140 2392 ·

54 2466 344 2566 longitudinalis
375 2470 575 2568 meningis,
591 2473 786 2552 crassioris
818 2499 826 2542 ε
866 2473 1066 2574 multoque

58 2589 173 2660 etiam
187 2588 316 2685 magis,
335 2611 403 2658 cur
415 2589 608 2669 Lancisius
625 2589 680 2688 (3)
693 2591 733 2662 in
749 2592 989 2690 strangulatis
1008 2595 1067 2665 vi:

58 2704 160 2777 derit
173 2719 321 2803 puncta
335 2711 542 2804 sanguinea
554 2713 676 2808 spisso
693 2716 843 2806 agmine
861 2708 1068 2784 candidam

58 2819 236 2908 medullae
250 2820 397 2894 cerebri
407 2825 659 2898 substantiam
673 2833 874 2924 variegata
890 2855 900 2898 :
917 2853 1064 2928 nosque

58 2941 132 3038 ipsi
148 2939 212 3010 illa
233 2939 362 3011 omnia
378 2963 460 3037 quae
479 2939 580 3013 acbte
599 2931 691 3014 ¹alias
704 2944 758 3040 (Δ)
776 2945 1011 3042 scripsimus,
1023 2937 1063 3018 in

58 3055 229 3146 cerebro,
244 3071 286 3128 et·
298 3054 545 3155 pulmonibus
558 3057 753 3155 cujusdam
765 3061 935 3148 maniaci,
949 3085 1065 3160 quem

59 3173 196 3248 eodem
221 3176 355 3248 mortis
379 3198 518 3272 genere
540 3177 747 3252 extinctum
772 3199 852 3248 esse
882 3168 1065 3276 pleraque

57 3291 305 3364 indicabant'

43 3497 47 3501 ,
107 3409 168 3507 39.
186 3413 309 3507 Locus
327 3407 390 3480 bic
404 3423 500 3484 esset
513 3409 561 3486 cle
577 3411 622 3486 iis
635 3412 750 3486 etiam
761 3409 877 3484 verba
892 3410 1066 3508 faciendi,
