2766 4670
194 423 265 471 mr.
293 422 332 470 11.
361 421 408 470 or
434 418 569 490 uonms
595 420 795 486 renoscis,
821 423 933 471 srrsr.
961 427 1019 474 xv.
1052 406 1120 479 183

106 559 219 609 secus
244 559 286 606 ac
308 550 490 607 veterum.
504 534 675 632 plerique
700 535 925 610 accusabant
949 564 1116 637 vapores.

104 652 182 742 Qui
195 653 357 740 abusus,
369 652 448 726 nisi
461 675 805 749 caveamus‚.quam
823 651 938 728 facilis
957 656 1023 744 sit,
1039 685 1117 732 non

103 793 184 840 une
203 771 244 840 in
261 770 441 868 proximis
457 768 622 867 epistolis
633 767 688 865 (1)
705 769 858 846 docebit
875 769 1041 848 historia.

158 912 214 958 11.
244 889 355 958 Nunc
371 911 461 960 vero
476 899 563 962 cum
580 887 620 957 in
637 885 707 962 hac
721 871 876 984 quidem
887 941 899 976 ‚
910 905 1116 988 postquam

103 1001 271 1076 difficilis
282 1005 539 1101 respirationis
550 1027 658 1078 causa
674 1005 849 1101 incapite
866 1021 1030 1104 spectate
1046 1025 1115 1100 est,

103 1119 203 1192 illud
221 1136 400 1218 sequatur
416 1135 459 1196 ut
477 1122 617 1219 parite-r
630 1120 891 1200 consideretur
906 1123 947 1200 in
957 1135 1116 1217 'ventre3

103 1239 255 1334 paucis,
273 1255 315 1314 ut
333 1240 373 1312 in
386 1265 426 1312 re
440 1264 462 1316 e
474 1240 764 1338 vetustisusque
779 1241 1016 1338 temporibus
1029 1253 1117 1342 perr

102 1353 270 1451 vulgata,
286 1381 349 1430 me
368 1356 574 1454 expediam.
595 1355 709 1433 Vides
727 1358 829 1433 enim
844 1359 1033 1434 Galenum
1053 1361 1115 1436 hic

102 1471 143 1542 in
159 1472 408 1570 Sepulchreto
425 1473 484 1570 (a)
502 1473 666 1565 laudari,
692 1489 819 1573 aperte
844 1475 884 1552 id
911 1476 1114 1554 docentem

101 1589 142 1661 in
161 1595 273 1664 certis
292 1589 554 1668 affectionibus
567 1593 789 1682 ventriculi,
804 1593 968 1691 hepatis,
985 1596 1112 1688 lienis,
1178 1689 1179 1696 ἵ

101 1724 168 1778 aut
185 1709 301 1806 pertis
320 1711 478 1784 omnino
494 1711 653 1798 ventris,
665 1735 751 1806 ¹quae
769 1710 1028 1808 respirationis
1050 1740 1113 1786 or*

100 1828 211 1924 genis
227 1828 275 1898 sit
291 1852 446 1912 enneae.
466 1828 692 1925 Seponimus
711 1827 802 1902 hine
821 1829 1112 1919 convomeres,

104 1945 151 2016 de
174 1944 317 2042 quibus
339 1947 425 2019 satis
446 1945 524 2041 jam
547 1969 661 2043 supra
680 1970 725 2020 ex
749 1946 948 2025 occasione
967 1945 1111 2024 dictum

102 2077 177 2147 est,
195 2063 236 2134 in
253 2065 394 2136 ventris
410 2059 551 2136 viscere
568 2057 729 2162 quoque
740 2063 843 2138 ortis.
861 2063 971 2142 Nulla
986 2063 1027 2138 in
1045 2062 1109 2161 hy.-

102 2179 388 2277 pocbondriaco
404 2179 450 2256 sit
462 2175 659 2268 convulsio
674 2207 683 2250 ε
699 2181 930 2256 ventriculos
944 2195 1111 2270 tantum,

100 2313 164 2370 aut
194 2301 366 2397 proxime
389 2296 734 2386 intestineflutibus
760 2312 956 2396 turgeant3
978 2298 1109 2373 obsta·
1174 2333 1176 2340 s

101 2415 200 2488 bunt
210 2434 310 2490 certe
320 2417 566 2495 descendenti
577 2415 630 2492 ‚ad
639 2415 902 2515 inspirandum
915 2416 1110 2515 diaphrag-

99 2536 201 2608 mati.
220 2537 283 2608 Sic
300 2538 340 2607 in
352 2535 576 2610 .,astdranatice
594 2534 657 2606 iila
676 2549 868 2622 marona,
892 2533 942 2614 de
959 2559 1034 2632 qua
1054 2549 1108 2612 est

96 2658 264 2726 CXLVII
278 2653 394 2750 hujus
408 2655 584 2726 sectionis
609 2650 839 2742 observatio,
862 2652 954 2728 benc
970 2659 1106 2730 consti.-

99 2787 199 2842 tutos
214 2773 440 2870 paimones,
455 2775 630 2844 ,intestino
644 2793 736 2849 arere
749 2774 900 2855 omnia,
920 2770 1106 2867 imprimis

94 2890 289 2986 jejunum,
307 2889 546 2982 mireinflata
557 2885 771 2962 redotente
788 2887 1026 2962 invenerunt.
1038 2891 1108 2960 He·

96 3031 163 3104 par
191 3021 317 3078 eutem
339 3011 475 3104 preter
492 3021 668 3077 naturam
692 3002 894 3082 adauctum
918 3027 999 3073 non
1024 3018 1103 3082 tan·

96 3140 179 3196 tum
203 3125 305 3196 mole
325 3148 392 3196 sua
410 3120 671 3208 descendenti,
692 3119 757 3195 sed
777 3134 813 3191 et
832 3118 1005 3216 pondere
1022 3117 1105 3192 offi-

98 3246 169 3315 ciet
186 3241 405 3315 ascendenti
421 3238 713 3338 diaphragmeti3
741 3237 868 3333 itaque
888 3249 925 3308 et
943 3238 1104 3335 inspire-

95 3360 213 3446 tioni,
230 3375 273 3432 et
287 3358 529 3458 exspirationi
539 3354 807 3430 adversabitur.
825 3353 1106 3452 Hincrtyspneae

99 3476 271 3576 exempla
289 3475 337 3548 ab
357 3490 468 3548 aucto
482 3475 652 3570 jecinore
674 3471 791 3546 habes
815 3473 854 3542 in
872 3470 1002 3547 eadem
1023 3497 1105 3550 ¹sec.-

137 3853 182 3933 (1)
200 3854 298 3930 Epist.
318 3872 371 3926 17,
386 3871 418 3908 n.
434 3851 489 3923 26,
501 3861 531 3908 et
542 3849 638 3928 Epist.
653 3850 706 3922 18,
718 3871 749 3908 n.
764 3870 798 3922 17
811 3861 840 3910 et
852 3867 913 3924 seq.

139 3969 183 4049 (a)
204 3973 241 4028 In
255 3965 357 4028 Schol.
370 3969 408 4028 ad
423 3968 486 4026 obs.
504 3965 570 4026 158.
