2842 4672
295 416 341 500 42
381 466 424 498 ,ν
459 433 506 482 ou
531 403 677 482 sumnus
701 433 746 480 rr
772 429 895 478 cansrs
920 429 1131 478 uonaonun
1192 478 1197 489 ,

295 571 412 646 quare
432 545 831 634 commemoraverim,
850 569 938 615 mox
961 539 1157 641 intelliges.
1179 547 1316 644 Caput

294 666 422 763 plures
452 666 492 736 in
518 666 701 762 sincipitis
728 679 777 767 et,
793 665 963 761 occipitis
990 677 1075 734 cute
1111 665 1312 736 cicatrices

294 783 459 880 primum
479 780 668 852 ostendit:
688 781 805 868 homo
823 782 923 852 enim
939 780 986 852 ab
1003 780 1078 850 alto
1100 781 1190 852 olim
1208 783 1311 853 ceci·

294 901 409 976 derat.
431 899 503 970 Sed
530 924 765 996 quanquam,
783 899 959 970 detractis
980 899 1158 969 onmibus
1183 898 1310 972 calva-

293 1018 356 1090 riae
369 1016 593 1103 involucris,
611 1017 722 1122 hcjns
733 1012 896 1088 citerior
910 1015 1021 1086 iacies
1036 1017 1106 1088 snb
1124 1016 1310 1088 cicatrici·
1403 1003 1404 1086 ᾗ

293 1135 366 1210 bus
388 1134 567 1206 nonnihil
588 1134 754 1222 albebat-3
777 1136 1099 1222 interior'tamen,
1129 1149 1167 1206 et
1190 1134 1309 1232 quid·
1403 1135 1404 1152 ¹

295 1252 387 1352 quid
402 1275 443 1326 ea
463 1254 698 1340 continetur,
716 1253 828 1328 illaesa
848 1271 974 1338 erant;
993 1255 1064 1324 nisi
1079 1252 1187 1350 quod
1200 1278 1309 1326 ccre-

292 1369 404 1444 brum
422 1371 585 1468 rigidum
601 1372 750 1468 penitus
767 1395 809 1440 ac
830 1370 990 1460 durum,
1011 1397 1146 1468 aquam
1162 1386 1308 1462 autem,

294 1515 377 1588 quae
388 1490 469 1585 ejus
484 1489 714 1562 ventriculos
725 1489 895 1582 laterales
907 1490 1145 1588 impleverat,
1159 1487 1308 1562 offendi

294 1607 380 1706 gelu
400 1607 494 1678 adeo
506 1623 741 1696 concretam,
757 1623 798 1678 ut
808 1608 1044 1707 apprehensa
1057 1633 1212 1680 manum
1224 1622 1306 1680 tota

294 1726 404 1800 simul
435 1741 678 1823 sequeretur,
703 1727 1002 1799 ventriculorum
1032 1725 1192 1796 formam
1212 1726 1305 1797 reti·

293 1869 388 1918 nens
409 1869 486 1914 non
516 1869 622 1918 secus
642 1869 684 1916 ac
707 1870 811 1933 cera,
839 1871 922 1942 quae
948 1845 1088 1942 liquata
1105 1846 1143 1914 in
1167 1869 1304 1916 cavum

293 1961 484 2058 quoddam
510 1962 665 2058 injecta,
690 1979 890 2061 postquam
915 1960 1083 2052 refrixit,
1113 1962 1302 2034 eximitur.

291 2084 336 2154 Et
355 2095 480 2153 tamen
498 2078 615 2178 frigus
627 2080 842 2178 complores
849 2082 925 2175 jam
944 2082 1024 2154 dies
1035 2082 1153 2177 magis
1172 2081 1306 2178 magis·

293 2224 367 2296 que
382 2201 596 2286 remiserat,
614 2215 726 2295 caput
749 2213 874 2270 autem
897 2199 1021 2296 ipsum
1043 2197 1145 2270 haud
1165 2197 1302 2296 procul

296 2342 317 2386 a
332 2314 417 2388 foco
439 2340 588 2412 semper
607 2313 745 2404 inerat3
763 2318 859 2414 quin
871 2333 979 2390 antea
991 2343 1069 2388 non
1083 2315 1198 2388 semel
1215 2341 1300 2388 cum

292 2433 467 2506 videlicet
493 2432 749 2507 existimarent
781 2459 870 2506 mox
908 2460 986 2508 esse
1016 2433 1301 2525 dissecandum,

293 2548 358 2621 sed
376 2561 424 2622 eo
440 2551 736 2648 praesertimque
754 2551 908 2624 demum
930 2553 1132 2628 dissectum
1148 2566 1222 2640 est,
1240 2551 1300 2624 die

292 2666 414 2738 multo
433 2669 591 2764 propius
606 2668 654 2740 ad
668 2671 794 2768 ignem
805 2671 1064 2746 admoverant.
1079 2669 1192 2761 Quod
1207 2695 1302 2742 nun·

293 2809 427 2882 qnam,
444 2785 518 2856 nisi
538 2800 628 2858 tunc
651 2787 744 2861 mihi
762 2791 919 2888 contigit
936 2787 1087 2877 videre,
1114 2789 1176 2860 hic
1196 2788 1299 2860 volui

290 2902 405 2974 Italus
437 2902 485 2974 ad
516 2903 650 2976 Italum
683 2907 881 2981 scribere:
909 2931 1127 3004 quanquam
1155 2907 1195 2976 in
1216 2907 1298 3003 ipsa

292 3025 512 3110 Germania,
534 3039 570 3096 et
589 3024 724 3122 hyeme
741 3027 896 3157 quidem
914 3027 1035 3098 multo
1052 3051 1166 3124 quam
1179 3024 1233 3096 1b1
1243 3050 1296 3098 so

179 3207 181 3214 t
292 3141 383 3230 leat,
402 3128 573 3235 saeviore,
592 3158 629 3216 et
656 3146 696 3220 in
715 3146 793 3232 via,
817 3159 857 3220 et
876 3146 915 3217 in
939 3169 1049 3241 puer1
1039 3141 1221 3216 infantis
1238 3163 1295 3216 ca-

290 3260 383 3357 pite,
406 3260 506 3335 idem
521 3261 679 3342 cerebro
698 3279 735 3338 et
749 3287 872 3360 pauco
887 3262 1060 3352 humori,
1073 3264 1140 3360 qui
1156 3263 1197 3332 in
1215 3263 1294 3360 ipso

291 3391 387 3465 erat,
400 3378 601 3470 accidisse,
619 3380 872 3456 Schneiderus
881 3371 1093 3453 memorare
1110 3405 1190 3451 non
1208 3381 1295 3454 omi·

292 3496 359 3584 sit,
378 3499 473 3568 utin
490 3501 662 3597 proxima
680 3498 925 3597 Sepulchreti
935 3504 1041 3574 XVII
1063 3501 1297 3599 sectione(1)

288 3615 365 3710 jam
385 3615 534 3689 videris.
553 3618 691 3716 Scripsi
710 3618 842 3712 etiam,
860 3633 903 3690 ut
923 3621 1059 3710 scires,
1084 3645 1164 3691 non
1182 3619 1293 3692 modo

330 3972 677 4056 (1)01›s.1‚su1nm
