2832 4662
300 448 374 520 600
471 470 518 518 nn
544 461 690 516 sumnus
715 469 759 516 nr
785 459 909 516 ctusts
935 459 1148 519 montonem

299 584 477 656 videntur
494 581 741 671 subindicari;
761 605 847 654 nam
867 582 907 652 in
929 582 1011 652 viro
1032 581 1080 653 de
1097 597 1177 680 quo
1192 574 1292 680 paulo

299 716 384 772 ante
398 703 452 794 (i)
471 699 615 770 dictum
631 713 706 787 est,
720 698 829 770 lienis
845 698 952 770 color
963 698 1011 770 ad
1028 697 1187 770 rubrum
1203 699 1290 770 indi-

298 816 419 890 nabat'
433 815 502 888 sub
529 815 759 888 inflammato
786 816 969 913 pulmone
992 841 1000 885 ε
1023 817 1064 886 in
1085 794 1222 912 juiene
1236 841 1290 888 au-

298 950 374 1006 tem
397 933 451 1030 (2)
474 935 693 1032 priusquam
714 933 846 1032 pulmo
863 931 1183 1020 inflammaretur,
1198 931 1292 1003 dolor

298 1052 338 1121 in
354 1065 485 1124 ventre
504 1050 593 1148 quid
610 1051 721 1121 alicui
745 1051 859 1147 hujus
878 1052 1011 1124 visceri
1029 1052 1118 1122 mali
1137 1050 1289 1121 immine·
1376 1124 1377 1150 ἶ

297 1161 670 1265 ret‚signif1caverat.
686 1172 868 1239 Caeterum
883 1167 972 1238 huic
985 1168 1123 1265 virgini
1135 1190 1289 1266 pungens
1376 1153 1377 1166 i

298 1285 410 1356 dolor
423 1286 549 1354 mitior
573 1283 720 1354 videtur
742 1283 873 1366 fuisse,
895 1309 1009 1380 qnam
1033 1285 1183 1356 mulieri
1200 1285 1288 1378 cujus
1376 1277 1377 1280 ¹

298 1401 943 1498 novissime(3)exposuihistoriam.
955 1404 1070 1499 Virgo
1082 1399 1288 1498 enim,qu0d

222 1553 225 1558 ·
297 1519 435 1590 mulier
458 1543 537 1590 non
555 1533 720 1616 poterat,
743 1517 976 1592 ineffectum
1003 1519 1169 1592 cubabat
1193 1518 1288 1604 latus,

298 1660 516 1736 quanquam
533 1652 569 1708 et
579 1638 617 1706 iu
632 1637 790 1708 alterum
806 1637 957 1709 tandem
967 1637 1098 1733 jacuit,
1110 1651 1288 1735 postquam

300 1777 427 1826 serosa
453 1754 590 1826 ulceris
611 1754 766 1824 materia
787 1755 932 1826 taxavit
949 1755 1091 1853 pleurae
1111 1752 1237 1839 libras,
1256 1765 1289 1820 ut

298 1869 581 1942 distractionem
593 1869 736 1942 facilius
746 1868 860 1946 ferret
871 1872 918 1944 ab
930 1895 1102 1970 appenso
1117 1872 1287 1970 pulmone

298 1987 355 2060 Ab
373 1988 489 2083 hujus
502 1990 630 2086 igitur,
647 2004 683 2060 et
698 1987 837 2087 pleurae
855 2016 956 2063 nexu
968 2005 1120 2062 causam
1135 2010 1286 2088 pungen-

297 2105 346 2176 tis
362 2103 504 2176 doloris
522 2131 563 2176 ea
581 2108 725 2179 ratione
747 2131 829 2204 quae
847 2132 960 2206 snpra
978 2108 1032 2206 (q)
1050 2108 1210 2180 indicata
1228 2116 1286 2188 est,

298 2238 468 2320 repetere
488 2223 593 2294 licuit
611 2225 651 2294 iu
678 2223 736 2296 bis
757 2225 909 2322 quidem
928 2225 1050 2298 tribus
1079 2222 1287 2298 observatio·

299 2339 424 2411 nibus.
445 2345 488 2410 In
505 2341 665 2412 totidem
682 2365 773 2414 vero
786 2367 869 2440 quae
891 2359 1126 2440 sequuntur,
1143 2338 1286 2412 indidem
1377 2399 1378 2416 ,

299 2472 490 2556 repetere,
507 2459 578 2530 nisi
594 2456 690 2533 forte
703 2485 771 2556 per
782 2461 1037 2557 conjecturam
1053 2456 1265 2532 nonlicebit.

348 2575 406 2662 45.
420 2577 551 2646 Virum
561 2580 927 2678 quinquagenarium
940 2579 1124 2678 postridie
1134 2577 1201 2648 kal.
1212 2596 1285 2644 mar·
1377 2561 1378 2576 ¹

300 2693 341 2764 tii
360 2692 601 2788 prehendunt
616 2710 725 2767 acuta
744 2694 877 2787 febris,
894 2695 1081 2768 laboriosa
1100 2690 1285 2793 respiratio,
1377 2709 1378 2776 ς

300 2809 412 2880 dolor
427 2834 448 2880 a
463 2824 590 2882 sterno
607 2837 729 2912 usque
742 2814 789 2884 ad
802 2815 947 2886 medios
963 2811 1080 2886 ferme
1094 2807 1284 2886 abdominis

299 2927 511 3014 musculos,
537 2931 648 3002 tussis
674 2932 919 3029 permolesta,
954 2932 1102 3029 quippe
1129 2945 1283 3024 magmun

300 3044 471 3117 dolorem
490 3043 629 3120 faciens
640 3048 687 3118 ad
698 3049 901 3122 mamillam
918 3050 1125 3136 sinistram,
1139 3061 1174 3117 et
1184 3055 1282 3116 costas

299 3163 447 3236 nothas.
467 3169 511 3234 In
528 3179 706 3236 neutrum
720 3181 846 3264 potest
855 3167 952 3239 latus
966 3165 1191 3238 decumbere
1202 3188 1209 3230 :
1220 3180 1281 3228 nou

300 3282 478 3378 exspuit:
502 3283 637 3378 quinto
666 3284 791 3354 morbi
820 3284 880 3356 die
911 3286 1084 3356 moritur.
1113 3287 1157 3352 In
1187 3271 1282 3351 sterni

299 3399 511 3469 exsectione
524 3423 687 3497 paucum
706 3425 831 3472 serum
847 3399 993 3474 fuscum
1019 3427 1040 3473 e
1058 3391 1282 3473 sinistrotthu
