2750 4658
301 455 370 532 272
470 455 517 504 DE
543 449 689 504 sentens
713 451 758 500 Er
783 450 907 500 causta
932 451 1142 498 montionem

299 590 429 668 neque·
438 567 485 640 de
500 565 682 665 ponderis
700 588 829 654 sensu,
846 590 972 662 neque
989 562 1210 638 omninode
1226 563 1296 636 ullo

302 686 466 759 thoracis
494 682 740 754 incommodo
768 707 937 779 unquam
968 697 1024 754 est
1052 697 1208 778 questa;
1236 681 1300 754 nisi

304 802 409 902 quod
434 802 611 875 tussicula
635 801 797 896 quadam
819 801 917 870 sicca
944 797 1124 887 subinde,
1144 799 1262 896 idque
1284 825 1301 867 a

305 920 426 994 multo
440 921 517 1016 jam
532 935 724 1015 tempore,
742 917 806 990 sed
823 916 971 1006 leviter,
991 917 1136 988 tentari.
1149 941 1301 989 consue-

305 1054 409 1112 verat
430 1065 438 1107 τ
459 1038 682 1120 tumetium,
704 1036 734 1106 si
756 1032 880 1106 oblata
899 1049 1063 1106 sumeret
1081 1058 1171 1116 cum
1188 1033 1303 1104 adhuc

307 1156 482 1238 calerent,
492 1149 635 1222 difficili
643 1149 1301 1249 respirationecorripiebatur,quam

308 1270 358 1345 ob
387 1294 535 1341 causam
561 1266 778 1367 refrigerata
797 1283 925 1365 petere
953 1267 1176 1348 solitaerat.
1204 1273 1301 1338 Extra

307 1397 422 1486 quem
442 1409 568 1458 casum
586 1411 665 1457 non
685 1383 926 1456 incommode
954 1382 1135 1482 spirabat,
1159 1399 1300 1456 tantum

308 1504 452 1590 aberat,
471 1518 513 1574 ut
536 1518 654 1575 noctu
677 1503 743 1574 illo
765 1500 1021 1576 suffocationis
1040 1525 1156 1574 sensu
1178 1505 1300 1577 excita·

308 1637 432 1710 retur,
453 1635 517 1692 aut
533 1619 662 1692 sedere
677 1635 887 1718 cogeretur.
909 1623 1058 1716 Itaque,
1075 1634 1119 1692 ut
1135 1620 1234 1709 dixi,
1253 1645 1302 1692 cu·

208 1765 209 1769 ’
308 1737 524 1826 babat„sed
541 1740 580 1808 in
598 1738 695 1809 latus
711 1737 907 1812 dexterum
923 1763 930 1806 :
946 1737 986 1806 in
1000 1736 1102 1832 quod
1124 1740 1300 1812 etiamtu-

308 1854 404 1930 bans
424 1870 574 1927 mortua
593 1869 667 1942 est,
691 1879 778 1926 oum
797 1854 845 1927 ad
868 1850 1087 1926 febriculam
1105 1856 1205 1928 nihil
1223 1882 1300 1955 pra-

308 1988 412 2048 terea
428 1973 516 2045 mali
532 1974 759 2064 accessisset,
782 1973 812 2044 si
830 1971 1002 2042 dolorem
1019 1971 1066 2044 ad
1082 1973 1238 2046 lumbos
1252 2001 1301 2046 ex·

312 2093 446 2190 cipias,
464 2090 600 2188 dequo
619 2089 1021 2187 novissimoduntaxat
1038 2104 1213 2190 tempore
1231 2117 1301 2164 con·

313 2223 443 2307 questa
459 2221 525 2283 est.

362 2330 543 2400 Ventrem
558 2325 657 2396 intra
674 2323 776 2396 horae
799 2309 998 2400 dimidium
1021 2351 1042 2398 a
1063 2330 1196 2402 matris
1212 2327 1302 2399 obitu
1362 2403 1363 2420 χ

312 2441 496 2512 hactenus
523 2458 770 2536 aperuerunt,
796 2458 851 2518 ut.
866 2443 1012 2540 proles,
1036 2447 1066 2516 si
1082 2446 1242 2533 viveret,
1259 2433 1302 2516 sa·
1362 2513 1363 2532 ,

314 2584 377 2631 cra
393 2555 497 2628 ablui
516 2582 613 2654 aqua
621 2574 748 2656 posset
762 2587 769 2628 :
782 2561 887 2656 quod
897 2575 935 2634 et
949 2559 1106 2632 feliciter
1121 2579 1301 2660 peractum

314 2690 380 2746 est.
393 2672 520 2746 Infans
532 2675 645 2760 enim,
662 2691 784 2765 utero,
797 2677 1100 2776 membranisque
1115 2683 1194 2754 suis
1211 2693 1303 2752 caute

312 2792 454 2880 incisis,
464 2793 696 2866 continuose
714 2796 822 2890 quasi
836 2798 998 2884 exeruit,
1012 2820 1304 2896 manusquemo·

314 2911 383 2997 vit,
401 2934 471 2982 nec
487 2911 559 2982 nisi
575 2935 648 2982 una
666 2927 753 3008 post
770 2928 926 2985 matrem
946 2913 1040 2986 hora
1059 2933 1235 3000 mortuus
1249 2928 1301 2986 est.

312 3033 367 3101 Eo
390 3043 583 3126 exempto,
605 3044 756 3103 uterum
780 3056 866 3102 cum
894 3032 1107 3134 adhaerente
1125 3036 1304 3132 placenta,
1362 3027 1363 3078 t

314 3160 353 3226 et
370 3145 619 3234 membranis,
645 3162 683 3219 et
708 3171 845 3246 corpus
870 3149 1058 3247 reliquum
1083 3169 1304 3236 maternum,

314 3289 394 3336 uno
414 3279 570 3362 excepto
587 3267 722 3364 capite,
739 3265 938 3363 diligenter
956 3285 1087 3365 postea
1103 3295 1177 3342 nos
1194 3291 1304 3370 perse·

317 3383 462 3454 enimus
476 3382 629 3470 eodem,
647 3398 683 3454 et
699 3383 986 3480 insequentibus
1006 3385 1141 3458 diebus
1154 3403 1238 3460 ante
1248 3391 1307 3458 lla·

315 3497 445 3570 lendas
467 3498 678 3573 decembris
695 3501 785 3574 anni
807 3507 910 3598 1724.
936 3501 1008 3574 Sed
1028 3490 1099 3576 alia
1123 3501 1306 3578 aliodiffe·

315 3629 460 3704 rentes,
480 3615 542 3686 hic
563 3613 679 3698 ferme
700 3616 814 3704 nihil,
839 3621 911 3692 uisi
930 3619 1041 3716 quod.
1056 3637 1191 3718 praeter
1210 3636 1304 3692 netu·

316 3757 397 3805 ram
412 3730 493 3820 fuit,
511 3731 726 3806 scribemus.
743 3739 881 3808 Caetera
898 3739 1012 3836 igitur
1029 3741 1156 3809 omnia
1171 3737 1304 3838 egregie

317 3850 517 3922 constituta
537 3847 650 3925 fuisse
666 3853 828 3942 credito,
844 3870 886 3926 ut
902 3870 1003 3928 totus
1020 3872 1120 3928 certe
1138 3873 1215 3929 erat
1234 3878 1305 3926 cor·

315 3970 420 4066 poris
450 3968 617 4059 babitus,
640 3970 742 4068 justa
769 3972 919 4071 optimae
943 3974 1185 4075 pinguedinis
1210 3971 1305 4070 copia
