2766 4670
274 394 340 442 too
433 392 479 438 DE
506 386 652 438 sumnus
676 389 720 436 BT
745 387 868 438 cuusts
894 387 1104 440 MORBORUM
1126 421 1131 437 t

269 529 379 594 num,
393 503 637 602 opitulantur.
652 501 886 574 stillicidium
896 518 1025 600 postea
1037 505 1175 594 audivi,
1190 505 1283 578 len·

267 639 305 696 te
322 623 416 694 adeo
434 622 694 722 imminutum,
714 635 755 690 ut
774 621 902 719 plures
922 638 1009 718 post
1033 647 1186 698 menses·
1201 625 1281 696 du·

267 755 387 829 raret,
402 737 598 810 intraanni
618 736 767 808 circiter
779 740 959 835 spatium,
974 739 1140 838 denique
1154 740 1280 815 finem

268 858 456 930 habuisse.
473 855 593 926 Multo
612 854 768 927 uberius
779 880 894 952 quam
910 856 1002 945 hoc,
1021 859 1276 948 stiliicidiurn,

270 991 312 1048 ut
322 978 447 1073 spatio
463 976 600 1068 viginti
608 977 770 1069 quinque
779 972 970 1064 horarum,
983 981 1128 1048 circiter
1136 982 1278 1074 viginti

261 1094 457 1193 purz'ssimi
474 1089 594 1159 laticis
613 1096 733 1160 anct'oe
756 1089 803 1161 de
818 1097 966 1162 narium
988 1092 1125 1165 dextra
1148 1093 1276 1166 destil·
1320 1103 1324 1114 ’

269 1211 438 1295 laverint,
457 1207 555 1305 leges
565 1206 718 1304 quidem
735 1209 837 1306 apud
856 1207 1110 1309 Bidioum(1).
1125 1217 1272 1284 Verum

267 1325 307 1396 id
335 1351 380 1397 ex
406 1325 639 1422 gravissima,
664 1324 711 1395 ab
738 1327 922 1402 exteriore
943 1351 1070 1416 causa,
1098 1328 1270 1424 ejusdem

267 1445 370 1516 naris
387 1443 551 1532 tensione,
568 1442 670 1515 unde
686 1443 793 1515 ulcus
804 1497 819 1532 ‚,
833 1446 1003 1541 quamvis
1015 1447 1270 1536 levissimum,

267 1575 387 1632 totam
396 1561 498 1656 intus
511 1576 776 1658 occupaverat,
799 1576 837 1632 et
850 1560 1268 1659 moxhumorturbidus

268 1676 408 1766 factus,
420 1691 457 1750 et
470 1677 643 1749 turundae
660 1676 802 1766 inditae,
820 1702 913 1776 pure
932 1659 1140 1778 conspersae
1155 1682 1268 1754 edue-

268 1811 419 1868 taesunt.
432 1796 1268 1896 Perquasimmissisinjectisquemedicamen-

209 1925 210 1928 ’
268 1916 335 2002 tis,
357 1915 431 1986 cito
444 1913 654 1986 cohibitum
666 1914 912 1986 stillicidium:
934 1941 1030 2015 aeger
1047 1934 1173 1989 autem
1186 1933 1270 2017 post

268 2033 506 2106 vehementia
516 2025 596 2105 tum
607 2033 726 2123 initio,
736 2047 817 2104 tum
833 2049 961 2132 postea
974 2036 1177 2132 conjuncta
1191 2061 1268 2108 tnn-

269 2153 321 2242 la‚
348 2153 447 2224 intra
471 2166 613 2249 septem
627 2137 691 2223 eut
708 2167 795 2223 octo
808 2177 954 2227 menses
969 2169 1025 2226 est
1034 2169 1219 2227 mortuus.

320 2299 376 2340 22.
393 2270 572 2351 Proximae
590 2282 678 2342 sunt
686 2271 934 2367 graveolentis
950 2272 1148 2344 saniosoeve
1157 2289 1269 2347 mate

192 2404 196 2411 ’
267 2389 331 2458 riae
351 2385 574 2484 prodeuntis
589 2411 609 2458 e
626 2385 779 2459 naribus
804 2385 1082 2458 ohservationes
1105 2402 1269 2484 quatuor

270 2504 330 2575 vel
348 2505 473 2603 potius
490 2518 575 2576 tres.
597 2507 631 2574 X
646 2505 764 2592 enim,
790 2520 836 2585 et,
850 2507 936 2576 XlII
962 2527 1038 2578 una
1062 2503 1270 2602 eademque
1381 2589 1382 2599 χ

272 2636 360 2694 sunt
381 2620 574 2692 evidenter
593 2621 708 2710 adeo,
732 2636 774 2692 ut
784 2623 997 2720 ¹permirum
1018 2621 1083 2708 sit,
1105 2621 1145 2691 in
1159 2636 1271 2702 ‚tanta
1381 2601 1382 2608 ἵ

271 2721 461 2810 vicinitate
470 2736 508 2809 id
520 2739 675 2810 minime
684 2763 762 2811 esse
771 2738 1272 2828 animadversquuodau·

272 2872 349 2927 tem
367 2856 552 2952 ejusmodi
572 2857 829 2928 excretionum
853 2854 969 2958 fomes
986 2858 1083 2928 intra
1101 2860 1272 2930 cranium

271 2989 384 3064 esset,
402 2975 504 3046 credi
519 2975 608 3045 olim
629 2988 798 3073 poterat3
815 2998 917 3045 nuno
936 2997 1028 3045 vero
1039 2999 1118 3046 non
1136 2991 1271 3076 potest.

272 3093 453 3172 Caeterum
469 3107 511 3164 ut
528 3091 788 3165 observatione
796 3094 847 3161 XI
860 3093 1036 3189 praeclare
1049 3092 1273 3182 ostenditur,

271 3211 376 3307 quod
401 3236 472 3308 pus
498 3238 517 3284 e
544 3209 765 3281 moribundi
785 3209 940 3282 naribus
963 3211 1118 3297 exierat,
1145 3210 1272 3282 iil-nce

260 3327 778 3424 *pulmonibusredundasse3
797 3330 925 3434 eicper
937 3331 1006 3398 XII
1018 3353 1097 3400 non
1117 3345 1273 3418 constat,

274 3443 380 3545 quod
406 3471 425 3516 e
445 3447 639 3545 lethargici
667 3448 774 3544 pueri
797 3466 1105 3545 nasoffegressum
1135 3461 1209 3535 est,
1234 3448 1271 3516 in

276 3556 379 3630 hunc
391 3587 435 3632 ex
448 3563 595 3634 cerebri
608 3563 1170 3660 abscessudescendissezquod
1179 3565 1271 3660 epis-

301 3916 356 3996 (1)
377 3923 453 3978 Dece
469 3940 500 3992 a,
516 3921 645 3980 Exercit.
659 3923 747 3980 Anat.
762 3923 842 4008 Chir.
858 3943 886 3994 7.
