2820 4662
299 430 373 524 480
406 461 409 468 ’
458 449 505 504 nr
531 447 677 504 sentens
701 445 746 504 ot
770 445 901 504 osnsts-
919 445 1132 508 'rtottnottnrt

301 567 392 669 pelli
411 591 489 639 non
509 580 644 667 posset.
664 563 776 660 Quod
794 569 826 639 si
842 568 1007 665 cogitato
1025 568 1116 643 huic
1131 563 1315 670 objicias,

300 687 340 758 in
356 684 513 760 cerebro
532 699 658 756 tamen
674 707 799 784 serum
812 680 973 758 effusum
991 711 1071 760 non
1089 683 1225 778 fuisse,
1242 716 1314 763 nea

301 829 376 903 que
395 803 476 900 ejus
492 825 626 887 venas,
645 800 846 898 sinusque,
866 825 1016 877 neceas
1034 805 1074 876 in
1085 829 1183 903 quas
1197 806 1240 877 hi
1251 805 1316 881 de·

302 922 450 1008 sinunt,
471 918 663 1017 jugulares
680 939 794 990 venas
813 919 980 992 internas
999 924 1196 996 restitante
1222 948 1311 996 san-

301 1039 415 1137 guine
430 1038 630 1120 tumuisse,
649 1057 731 1133 quae
743 1059 830 1106 vasa
842 1037 969 1108 omnia
984 1037 1145 1112 internis
1166 1043 1309 1113 caroti-

296 1155 414 1228 'dibns
427 1149 724 1253 respondebant3
737 1149 873 1224 factibi
882 1153 1147 1228 vertebralium
1162 1161 1311 1230 arteria·

299 1292 385 1344 rum
404 1271 528 1342 veniat
542 1270 581 1340 in
598 1282 782 1358 mentem,
802 1293 897 1366 quas
917 1273 985 1344 etsi
1005 1271 1177 1344 Valsalva
1196 1275 1309 1345 mini·

298 1412 360 1460 me
376 1385 525 1459 latiores
545 1383 657 1458 factam
670 1384 1011 1483 animadvertit(r),
1024 1391 1156 1485 negari
1176 1405 1305 1464 tamen

297 1529 379 1576 non
393 1518 538 1603 potest,
553 1515 658 1574 tanto
672 1502 757 1600 plus
775 1503 965 1601 sanguinis
980 1557 990 1593 ,
1007 1519 1155 1603 quanto
1176 1509 1304 1581 minus

300 1620 484 1696 carotides
504 1633 703 1720 poterant,
726 1621 936 1718 excepisse,
964 1635 1001 1693 et
1026 1621 1074 1694 ad
1100 1624 1303 1698 cerebrum

297 1739 564 1826 transvexisse,
581 1751 618 1808 et
641 1739 679 1806 in
700 1736 910 1809 carotidum
939 1761 1083 1828 ramos,
1107 1765 1191 1811 non
1223 1741 1303 1816 illos

295 1869 444 1930 tantum
464 1855 560 1927 duos
578 1855 827 1952 posteriores,
845 1856 912 1952 qui
926 1857 1127 1928 crassiores
1146 1856 1276 1930 bestiis
1286 1911 1299 1948 ,

297 1999 411 2072 quam
434 1970 677 2060 hominibus,
700 1969 887 2069 obtigere,
909 1971 974 2044 sed
996 1987 1032 2044 et
1058 1971 1190 2070 plures
1211 1975 1301 2050 alios
1399 2053 1400 2070 χ

293 2092 483 2178 minores,
510 2081 591 2162 ‘suis
627 2090 819 2222 proximos
856 2087 1038 2179 surculis,
1073 2113 1162 2161 cum
1195 2092 1296 2166 hisce
1399 2073 1400 2076 Ἴ

297 2209 636 2294 communicantes,
659 2207 876 2294 immisisse,
903 2229 1021 2304 eaque
1041 2207 1192 2280 ratione
1211 2233 1295 2282 san·

296 2327 421 2456 guinis
445 2350 515 2424 per
540 2322 737 2397 cerebrum
761 2325 1059 2397 circumitionem
1087 2322 1293 2422 quadante-

292 2467 561 2531 uusservasse,
578 2441 730 2539 etquod
747 2439 1011 2539 consequitur,
1026 2441 1199 2538 ejusdem
1211 2439 1293 2516 inde

292 2585 364 2658 per
382 2583 496 2631 venas
509 2557 672 2630 reditum
690 2557 886 2654 adjuvisse.

343 2702 401 2774 29.
420 2681 542 2774 Atque
559 2674 637 2746 haec
654 2677 756 2773 ipsa,
776 2675 946 2773 quamvis
958 2673 1065 2748 aliter
1076 2672 1126 2747 ab
1135 2676 1222 2751 aliis
1233 2701 1290 2750 ex-
1398 2699 1399 2712 ¹

291 2792 448 2891 plicata,
464 2792 559 2864 ratio
574 2807 644 2879 cst,
664 2792 910 2890 quamobrem
926 2791 1016 2864 olim
1031 2794 1207 2868 Andreas
1222 2799 1290 2868 Ve·
1398 2767 1399 2788 Χ

290 2910 402 2984 salius
416 2909 482 3007 (n),
494 2924 532 2982 et
544 2908 838 3010 christophorus
852 2916 873 2981 a
888 2911 989 3007 Vega
998 2907 1069 3008 (3),
1083 2935 1164 2982 non
1177 2911 1290 2984 modo

290 3027 535 3114 recentiores,
549 3051 629 3100 non
649 3029 947 3127 experimentum
963 3027 1115 3125 quidem
1135 3027 1290 3119 Galeni,

291 3144 357 3217 sed
373 3145 477 3243 quod
490 3144 654 3217 Galenus
665 3144 754 3216 inde
768 3141 958 3240 arguebat,
966 3144 1183 3242 negandum
1198 3167 1288 3236 esse,

290 3261 590 3335 existimaverint.
609 3261 721 3352 Quod
742 3261 774 3333 si
796 3259 843 3332 ab
860 3259 1136 3334 recentioribus
1157 3263 1289 3336 iisdem

289 3399 452 3474 quaeras,
471 3401 539 3450 cur
557 3377 658 3450 idem
680 3379 978 3478 experimentum
997 3393 1175 3479 repetens
1194 3384 1290 3453 Dre-

325 3683 370 3762 (1)
390 3686 428 3742 N.
441 3685 490 3742 26.

324 3784 370 3862 (a)
389 3785 434 3842 De
450 3803 532 3861 corp.
548 3787 629 3844 hum.
648 3787 724 3844 fabr.
738 3789 759 3844 l.
772 3807 846 3861 7,c.
862 3807 908 3864 ι9.

323 3880 367 3960 (3)
387 3884 457 3945 vid.
464 3885 544 3964 opud
554 3888 641 3966 casp
647 3889 805 3947 Hofnann.
819 3889 1061 3998 Commentine.
1076 3907 1113 3948 ιο
1123 3891 1173 3948 ort
1183 3908 1283 3968 snpra,

281 3981 320 4038 ud
334 3999 362 4038 ιι.
377 3999 424 4042 aa
