2750 4658
160 485 233 532 tm.
261 468 308 531 11.
330 449 376 529 ui
402 481 538 530 uoams
565 481 758 548 monacis,
785 477 897 533 sarsr.
924 487 997 534 xvi.
1027 487 1097 563 217

64 615 165 672 tem
185 597 390 670 humorem
416 596 599 686 multum,
622 600 822 696 aeruginosi
850 601 1005 691 coloris,
1031 627 1099 674 vo-

73 721 192 788 mitu
211 716 322 812 ejicit.
341 719 483 786 Ventre
502 729 654 812 aperto,
669 717 889 789 intestinum
910 721 1021 790 colon
1040 745 1101 791 re·

68 849 243 933 pertum
255 847 313 904 est
329 857 403 930 qua
420 834 497 928 jam
509 834 722 905 ventriculo
735 835 905 926 suberat,
920 837 1098 909 deorsum

69 952 130 1025 ad
156 950 301 1050 pubem
316 975 437 1048 usque
454 975 491 1022 se
506 948 717 1037 inflectens,
735 951 824 1022 hinc
837 977 928 1026 vero
949 978 1098 1026 sursum

72 1069 216 1140 donec
232 1067 286 1138 ad'
299 1081 517 1140 consuetam
535 1066 663 1140 sedem
682 1069 832 1141 rediret.
858 1070 1098 1144 Ventriculus

71 1167 370 1282 ejusdemmodi
392 1185 611 1257 continebat
632 1185 853 1274 humorem,
881 1188 1002 1284 qualis
1031 1211 1100 1284 per

72 1305 276 1376 vomitum
295 1303 436 1398 ejectus
452 1300 591 1392 fuerat,
607 1304 646 1372 in
664 1327 785 1401 eoque
798 1320 987 1377 natantem
1008 1329 1099 1376 con·

77 1436 235 1493 cretam
244 1418 412 1517 ejusdem
427 1418 563 1492 coloris
575 1423 779 1492 materiam.
791 1423 879 1518 Ejus
893 1423 1017 1520 portio
1026 1423 1099 1494 hu-

76 1539 212 1610 moris
225 1539 405 1636 seposita,
427 1539 620 1609 materiam
635 1539 836 1635 quamdam
855 1540 1035 1637 postridie
1050 1539 1097 1612 ad
1134 1529 1138 1532 ⁸

81 1655 258 1736 fundum
273 1657 539 1755 praecipitatam
559 1656 739 1727 exhibuit.
757 1658 952 1730 Portiones
972 1673 1097 1729 autem

83 1775 177 1846 duae
210 1774 382 1872 reliquae,
417 1797 504 1843 cum
538 1773 645 1842 alteri
677 1774 847 1873 spiritus,
882 1800 994 1871 quem
1029 1800 1100 1845 vo-

83 1906 202 1979 cant,
217 1893 375 1979 vitrioli,
398 1890 506 1962 alteri
526 1903 651 1960 autem
669 1891 821 1988 spiritus
840 1889 1100 1962 affunderetur

84 2010 180 2082 salis
206 2009 451 2096 ammoniaci,
477 2008 620 2082 nullam
641 2022 733 2078 tunc
753 2008 906 2106 quidem
925 2009 1099 2078 mutatio-

82 2152 181 2199 nem
198 2126 464 2215 ostenderunt3
475 2151 564 2197 mox
573 2140 700 2197 tamen
714 2129 834 2225 prima
845 2126 1097 2197 sedimentum

83 2243 289 2342 quoddam
304 2246 344 2314 in
362 2241 481 2316 fundo
495 2243 645 2332 habuit,
672 2242 837 2316 secunda
863 2243 1022 2314 nullum.
1052 2246 1098 2312 ln

82 2361 259 2434 thoracis
275 2385 384 2433 cavea
401 2365 561 2458 utraque
577 2361 770 2460 stagnabat
781 2385 905 2433 serum
920 2361 965 2430 ad
985 2359 1098 2433 libras

84 2494 178 2552 tres
199 2483 366 2577 Uterque
385 2481 517 2578 pulmo
531 2478 579 2551 ad
597 2481 785 2551 anteriora
803 2478 1034 2576 alligabatur.
1051 2483 1096 2550 In
1176 2487 1178 2496 ’

87 2596 223 2668 cordis
231 2597 443 2668 ventriculo
462 2597 616 2670 dextero
631 2597 831 2669 mediocris
848 2611 1097 2668 eratvconcre-

86 2715 143 2784 tio
153 2712 695 2813 polyposa,quaepervasorum
705 2716 841 2786 ostiase
851 2710 1094 2813 producebat.

137 2857 176 2927 9.
205 2831 242 2900 si
263 2855 345 2928 quae
367 2830 413 2902 ad
432 2833 577 2903 vomitu
593 2831 778 2904 redditam
796 2833 989 2902 materiam
1015 2832 1097 2900 atti-

85 2963 206 3038 nent,
225 2949 315 3020 hinc
330 2973 539 3046 removeas,
566 2951 708 3049 quippe
731 2951 804 3020 alio
826 2951 1097 3047 pertinentem,

88 3083 128 3140 et
138 3067 219 3138 coli
234 3069 399 3140 intestini
412 3071 537 3141 minus
550 3068 704 3166 quidem
719 3065 956 3164 frequentem
973 3066 1097 3151 situm,

89 3185 162 3258 sed
181 3184 283 3256 haud
293 3187 344 3258 ita
357 3210 484 3257 rarum
498 3200 641 3273 tamen,
654 3199 691 3256 et
707 3184 880 3270 minime,
897 3178 1002 3276 quod
1019 3181 1098 3249 ani-

88 3302 423 3392 madvertendum,
441 3303 504 3375 hic
521 3325 709 3389 nocuum,
727 3314 764 3370 et
782 3298 1007 3397 pulmonum
1022 3296 1101 3368 atti-

89 3422 297 3519 gationem,
310 3437 347 3493 et
359 3421 640 3492 concretionem
655 3417 757 3490 illam
768 3418 1001 3526 polyposam,
1012 3440 1096 3513 quae

89 3539 195 3627 du0,
223 3554 369 3611 certum
392 3553 467 3627 est,
495 3538 602 3608 iniis
628 3560 783 3633 quoque
806 3535 943 3632 passim
963 3532 1098 3631 depre-

90 3653 213 3727 hensa
232 3680 330 3746 esse,
348 3660 414 3756 qui
426 3657 532 3729 facile
552 3658 724 3756 spiritum
737 3653 944 3744 ducebant;
958 3677 1096 3750 nempe

88 3795 169 3841 una
182 3771 338 3844 restabit
354 3799 450 3871 aqua
468 3775 508 3844 in
525 3773 720 3845 thoracem
737 3769 872 3862 effusa,
890 3797 971 3868 quae
986 3769 1093 3839 illum

91 3885 286 3960 difficilem
303 3890 487 3962 redderet.
504 3896 584 3962 Hoc
596 3891 757 3990 signum,
769 3903 806 3960 et
818 3887 958 3986 pedum
973 3901 1096 3960 tumo-

92 4027 195 4094 rem,
214 4021 252 4079 et
267 4007 382 4100 sitim,
399 4023 463 4081 aut
479 4006 642 4082 faucium
662 4007 865 4082 siccitatem
881 4026 968 4074 cum
980 4001 1100 4073 intri«
