2832 4662
250 393 319 467 568
412 416 459 462 nr
485 413 632 464 scorons
655 415 699 460 rr
724 403 847 474 musis
873 413 1084 464 monson-uu

218 625 221 632 Ι
248 531 429 604 cubitum.
451 526 638 600 Credibile
656 540 732 616 est,
753 525 847 604 hinc·
860 551 1010 600 cansam
1025 528 1257 603 discriminis

247 645 470 748 petendam,
484 643 588 743 quod
597 644 638 714 in
643 644 781 740 juvene
791 643 936 718 solutus
951 661 1031 720 erat
1040 648 1162 746 gravis
1174 647 1257 745 pul·

247 791 312 838 mo
326 791 336 856 ;
352 766 392 836 in
410 764 493 834 viro
509 776 635 835 autern
654 776 691 834 et
708 763 854 860 virgine
874 763 923 836 ad
940 763 1114 862 pleuram
1129 764 1269 862 alliga·.

248 899 331 972 tus,
346 896 388 954 ut
402 882 484 954 siin
499 879 595 952 latus
610 904 742 952 sanum
750 879 874 976 jacere
886 897 1118 954 conarentur
1129 936 1139 971 ‚
1150 882 1257 954 illico

248 998 442 1098 pulmonis
467 996 618 1095 pondus
645 997 817 1094 pleuram
844 997 1089 1087 distraheret,
1113 999 1256 1072 moles-

248 1117 415 1214 tiamque
437 1129 591 1186 crearet.
622 1117 760 1188 Gaetere
784 1139 866 1213 quae
886 1114 934 1186 ad
963 1116 1149 1214 virginem
1170 1118 1257 1190 atti-

245 1250 363 1322 nent,
377 1233 514 1334 partim
527 1248 630 1305 extra
645 1232 741 1307 fines
755 1233 857 1306 haud
871 1257 1027 1334 prorsus
1041 1225 1130 1308 sunt
1145 1249 1257 1307 natu-

250 1351 338 1424 ralis
355 1350 655 1440 constitutionis,
667 1366 711 1441 ut
725 1375 808 1448 quae
825 1351 866 1424 in
883 1365 1013 1424 ventre
1028 1350 1256 1424 describun-

250 1483 329 1559 tur,
343 1467 480 1568 portim
492 1466 540 1539 ad
555 1468 643 1540 elias
653 1483 808 1540 tractata
816 1469 1026 1567 pertinent,
1041 1484 1084 1540 ut
1096 1470 1204 1568 quod
1216 1471 1257 1541 in
1335 1481 1338 1490 '

252 1586 392 1686 c'apite,
408 1585 544 1684 partim
563 1583 736 1659 facillime
761 1600 849 1658 sunt
870 1586 1076 1684 explicatu,
1096 1601 1139 1658 ut
1161 1602 1257 1684 puta

252 1703 396 1776 doloris
409 1704 449 1774 in
469 1704 653 1776 sinistram
668 1705 850 1802 primum,
867 1703 955 1776 inde
971 1729 1063 1776 vero
1074 1706 1116 1776 in
1131 1703 1258 1776 dexte-

251 1848 334 1894 ram
351 1835 497 1921 partem
517 1821 670 1894 invasio.
687 1825 782 1894 Cum
796 1822 897 1894 enim
915 1820 1256 1895 inflammationem

254 1937 419 2013 efficiens
438 1939 592 2011 materia
608 1940 648 2010 in
672 1964 719 2011 eo
734 1941 900 2037 primum
917 1939 1103 2037 pulmone
1116 1939 1257 2012 substi-

252 2060 375 2147 tisset‚
395 2060 482 2157 qui,
497 2072 540 2130 ut
552 2057 706 2145 arctius,
720 2055 767 2128 ad
788 2073 930 2147 costas,
947 2072 1254 2132 ettransversum

255 2176 402 2276 septum
426 2175 635 2264 adhaerens,
652 2199 733 2246 eam
759 2175 949 2248 dimovere
972 2177 1167 2247 materiam
1184 2178 1255 2246 mi·

253 2319 327 2367 nus
343 2309 508 2396 poterat,
526 2289 643 2392 magis
660 2293 764 2364 hunc
781 2317 934 2393 gravere
955 2283 1152 2390 perrexit,
1168 2319 1255 2392 pers

255 2426 380 2498 autem
400 2412 561 2484 materiae
575 2412 719 2508 reliqua
732 2411 773 2482 in
789 2411 910 2482 altero
919 2411 985 2509 qui
1001 2411 1149 2483 solutus
1162 2427 1254 2500 erat,

255 2529 432 2604 nonnihil
447 2527 628 2616 substitit,
645 2527 902 2638 leviorpmque
914 2525 1255 2600 inflammationem

256 2643 388 2717 effecit.
410 2649 592 2716 Caeterum
618 2646 683 2743 qui
702 2645 833 2744 pulmo
851 2645 1015 2744 primum
1034 2661 1257 2743 occupatur,

149 2783 152 2790 ·
255 2776 320 2834 aut
338 2763 427 2858 quie
445 2755 563 2860 magis
577 2787 691 2860 quam
706 2763 798 2833 alter
816 2759 987 2835 infirmus
1002 2778 1073 2852 est,
1086 2778 1152 2834 aut
1168 2766 1258 2860 quia

254 2879 302 2952 ab
314 2879 494 2952 inchoato
506 2879 643 2952 morbo
663 2877 839 2970 efficitur,
862 2881 1017 2954 minime
1031 2881 1171 2951 mirum
1186 2897 1259 2968 est;

256 2999 286 3070 si
305 2999 486 3094 majorem
505 2997 641 3070 habeat
657 2997 991 3070 inflammationem
1011 3025 1018 3067 :
1038 2997 1145 3096 quod
1160 3012 1199 3070 et
1217 2999 1258 3068 in

257 3117 431 3214 proximo
451 3139 539 3188 casu
558 3114 670 3188 fuisse
687 3115 844 3188 videbis

308 3258 363 3306 oo.
384 3233 563 3306 Sacerdos
585 3257 774 3305 annorum
784 3232 1066 3332 propemodum
1084 3234 1258 3331 triginta,
1407 3265 1408 3328 i

258 3349 402 3423 difficili
410 3351 623 3450 corripitur
640 3352 958 3483 respirationem
921 3349 1080 3422 multum
1096 3351 1261 3447 exspuit:

257 3468 446 3567 principio
461 3469 508 3540 de
525 3468 657 3540 dolore
675 3470 848 3567 queritur
866 3470 905 3538 in
926 3466 1078 3540 dextera
1093 3467 1260 3539 thoracis

256 3599 383 3716 parte,
396 3583 555 3657 deinde
546 3611 586 3655 in
600 3587 759 3658 sinistra
773 3588 844 3657 Die
855 3585 1004 3656 decimo
1019 3583 1110 3656 obit.
1124 3589 1169 3656 ln
1181 3584 1263 3656 tho-

257 3703 353 3776 racis
372 3717 533 3798 utroque
552 3727 642 3773 cavo
655 3718 734 3774 erat
749 3727 890 3791 serum,
908 3701 972 3776 sed
985 3727 1065 3773 non
1079 3702 1259 3772 multum:

260 3820 367 3914 cujus
381 3820 507 3917 portio
524 3819 692 3919 undique
712 3845 826 3919 super
842 3820 1042 3918 pulmones
1056 3841 1262 3890 concreve-
1407 3805 1408 3844 ¹

257 3951 331 4026 rat,
347 3939 482 4009 tunicae
496 3953 612 4011 instar
623 3938 869 4037 pallescentis
885 3938 1018 4010 Pulmo
1037 3951 1164 4076 autem
1179 3935 1265 4009 dex·

1407 4239 1408 4346 l
