2820 4662
306 393 379 483 iiii
471 416 518 464 nn
541 413 690 462 sentens
714 415 758 462 nr
783 412 907 462 causis
932 415 1142 466 nonnosum

300 538 425 604 scissae
437 534 610 600 cervicem
629 529 803 613 subeant,
819 529 939 623 juxta
954 516 1184 626 pulmonum
1206 546 1307 603 arte·

300 655 397 720 riam
410 647 583 733 tendant,
603 648 735 744 quibus
755 643 1044 736 interdianfaris
1057 648 1307 750 'apprehensis

302 781 482 840 corruunt
503 767 669 838 homines
690 767 858 837 sensibus
882 771 1036 863 ereptis,
1056 781 1095 836 et
1102 767 1307 864 palpebris

302 889 535 982 compressis,
555 888 822 981 imponente,
836 880 1098 980 amplexaque
1106 886 1304 971 arteriam,

302 1001 358 1074 ad
382 998 616 1071 intervallum
640 1003 789 1071 auriam
803 1001 1002 1090 fer-antur,
1027 1024 1103 1096 qna
1133 1002 1308 1075 maxilla

291 1118 474 1214 faucibus
483 1131 626 1188 coemn.
642 1117 725 1186 Non
738 1139 809 1214 ego
821 1114 883 1184 hic
895 1138 982 1186 cum
992 1117 1153 1188 Riolano
1163 1117 1235 1214 (1),
1245 1121 1309 1216 qui

302 1237 472 1334 alioquin
488 1257 634 1304 mecum
650 1255 760 1302 venas
766 1230 959 1329 jugulares
971 1231 1167 1332 intelligit,
1186 1261 1309 1309 meam

302 1355 393 1428 hinc
413 1350 635 1424 sententiam
658 1348 843 1420 confirmo
858 1349 964 1447 quod
984 1348 1158 1422 dicantur
1171 1354 1218 1425 in
1234 1377 1309 1424 me·

225 1509 228 1518 ’
280 1469 283 1478 ’
306 1470 370 1544 dio
390 1470 446 1542 sui
464 1469 650 1566 accipere,
670 1493 735 1540 seu
749 1467 951 1565 complecti
966 1469 1162 1558 arteriam3
1180 1495 1308 1571 neque

306 1590 408 1662 enim
423 1586 628 1660 carotidem
643 1586 838 1674 arteriam,
855 1601 892 1658 et
902 1585 1177 1678 multominus,
1193 1592 1308 1662 utNi-

305 1706 406 1807 phus
428 1708 473 1804 (α
488 1707 502 1803 )
520 1706 694 1804 exponit,
720 1719 881 1791 aortam,
906 1703 971 1775 sed
987 1703 1236 1802 pulmonum,
1268 1723 1307 1780 ut

305 1826 523 1900 Aristoteles
542 1822 657 1896 modo
670 1811 891 1922 appellavit,
909 1827 1103 1910 arteriam,
1122 1823 1163 1894 id
1183 1836 1243 1896 est
1254 1849 1308 1897 as-

306 1967 458 2046 peram,
476 1943 581 2039 juxta
596 1964 709 2038 quam
727 1940 766 2010 in
783 1941 861 2010 imo
871 1938 970 2010 collo
983 1939 1189 2013 ascendere
1206 1941 1308 2015 dicta

309 2077 420 2148 sunt,
437 2060 527 2132 hinc
541 2075 578 2132 et
591 2058 681 2130 hinc
697 2072 895 2156 pergentes
914 2081 1047 2155 porro,
1064 2059 1168 2142 inter
1188 2085 1229 2134 se
1247 2087 1307 2134 ex.

310 2180 435 2276 cipere
455 2176 645 2250 dicuntur.
663 2175 858 2273 Jugutares
876 2175 976 2246 enim
993 2199 1126 2260 venas,
1146 2203 1228 2248 non
1252 2203 1307 2275 ⁰²7

309 2295 451 2372 rotides
467 2294 638 2378 arterias,
655 2293 716 2363 hic
733 2291 894 2365 describi
906 2289 1146 2380 manifestum
1163 2311 1222 2368 est
1230 2312 1308 2368 tum
1406 2297 1407 2304 ’

308 2438 354 2486 ex
369 2426 562 2510 suscepta,
576 2427 617 2483 ut
636 2426 743 2482 antea
755 2410 882 2508 po'sui,
899 2436 995 2483 cavae
1005 2413 1216 2508 superioris
1232 2413 1307 2488 des·

266 2511 273 2532 ’
310 2531 611 2627 criptione,tum
628 2528 738 2598 etiam
758 2553 803 2599 ex
819 2553 865 2599 eo
886 2527 1013 2625 quod,
1030 2528 1099 2600 hac
1118 2529 1308 2621 absoluta,

311 2646 495 2718 continuo
515 2643 562 2716 de
580 2645 833 2743 respondente
851 2647 921 2743 ipsi
933 2661 1044 2718 aortae
1057 2662 1167 2744 parte
1179 2650 1232 2720 sic
1245 2666 1309 2721 tra·

311 2762 415 2836 ditur
428 2763 501 2858 (3):
524 2767 630 2833 Vena
644 2771 755 2836 etiam
766 2769 906 2852 minor,
917 2789 1032 2862 qaam
1047 2781 1204 2837 cartam
1221 2766 1310 2838 dixi·
1404 2767 1405 2785 ¹

311 2906 394 2954 mus
411 2885 601 2972 naminari
610 2935 620 2965 ,
639 2879 770 2952 ecdem
784 2887 975 2980 spargitur
983 2879 1157 2970 modain
1170 2907 1308 2972 ramos,

312 3005 381 3098 qai
388 3015 521 3098 partes
539 3023 640 3072 vente
653 3001 809 3096 majoris
827 3013 1107 3095 comeqaaatur.
1127 3003 1186 3071 De
1201 2979 1309 3074 inter·

313 3118 372 3190 nis
396 3132 539 3205 autem,
563 3141 641 3187 non
666 3115 713 3187 de
737 3117 922 3216 eisternis,
946 3119 1051 3187 venis
1075 3117 1312 3216 jugularihus
1402 3161 1403 3220 3

313 3257 525 3308 sermonem
544 3231 655 3308 fuisse
667 3233 888 3319 Aristotelis,
899 3257 1073 3306 ascensus
1084 3259 1219 3307 earum
1232 3237 1312 3333 jnx·

255 3340 257 3351 ’
313 3364 352 3423 ta
375 3377 550 3450 asperam
575 3348 749 3423 arteriam
768 3349 855 3422 satis
875 3348 1120 3448 comprabat,
1147 3375 1201 3432 ne
1222 3349 1312 3422 torte
1401 3399 1402 3418 1

311 3576 1312 3606 anun—m
1400 3581 1401 3602 5

352 3743 399 3823 (ι)
419 3743 621 3818 Anthropogr.
635 3741 656 3796 l.
675 3741 706 3810 3,
720 3759 746 3798 c.
758 3761 787 3818 ρ.
824 3772 828 3784 ·
878 3827 879 3832 ¹

355 3843 401 3922 (a)
420 3845 529 3917 Expos.
545 3841 577 3898 in
587 3843 674 3928 *hunc
690 3843 749 3902 loc.

354 3943 405 4022 (3),
419 3943 528 4014 Initio,
544 3961 571 4000 c.
587 3950 617 4012 4.
