2750 4658
174 453 244 500 nur.
272 453 312 502 11.
340 453 388 498 nn
413 444 550 500 uonnrs
575 449 769 516 ruonrcrs,
795 451 919 531 nurse.⁸
935 452 1009 500 xvr.
1037 427 1108 528 295

100 581 288 663 coguntur
304 564 359 636 ad
378 564 607 651 decubitum,
634 563 810 636 uidelicet
825 569 914 660 quia
935 571 1111 662 pericar.

99 684 206 756 dium
222 708 320 772 una,
339 687 533 752 autetiam
557 679 821 780 sesquialtera
840 681 996 779 liquoris
1015 681 1128 774 libra,

97 793 293 897 turgidum
307 797 609 898 diaphrugmctis
617 813 744 872 centro
754 804 832 870 vim
848 801 975 888 infert,
990 825 1112 897 neque

97 917 220 992 alium
238 916 368 988 standi
384 922 512 1004 situm,
540 921 605 1013 qui
626 921 675 986 sit
691 921 845 986 minoris
862 917 1110 1006 incommodi,

98 1041 212 1132 aegris
223 1039 424 1133 perauctis,
453 1059 568 1130 quam
585 1032 880 1123 horr'zontalem,
901 1038 939 1104 in
959 1059 1113 1134 quope-⁸

98 1151 307 1252 ricardium
322 1176 450 1224 versus
458 1151 637 1248 jugulum
659 1149 881 1241 ascendens,
905 1151 1113 1253 diaphrag-v

96 1297 163 1346 ma
180 1293 258 1340 non
270 1267 432 1368 amplius
437 1273 588 1367 premit.
604 1271 691 1339 Non
709 1267 859 1357 dubito,
868 1259 961 1366 quin
975 1270 1033 1339 vir
1043 1269 1110 1348 cel.

98 1389 139 1460 in
157 1386 389 1486 quibusdam
409 1388 461 1459 sic
476 1385 704 1458 observarit:
728 1411 853 1483 neque
870 1387 909 1458 id
929 1385 1035 1484 quod
1053 1411 1113 1458 ra—

96 1507 198 1576 tioni
217 1529 430 1578 consonum
450 1520 521 1593 est,
538 1517 657 1603 nege,
675 1503 780 1602 quod
797 1519 834 1576 et
844 1505 991 1576 Willisii
1004 1503 1111 1600 (nin

99 1648 146 1696 eo
163 1624 304 1719 juvene
319 1622 532 1696 observatio
551 1621 774 1711 confirmat,
791 1623 960 1717 quicum
983 1621 1114 1700 thora»

100 1741 156 1813 cis
171 1736 345 1838 hydrope
354 1739 528 1810 laborare
540 1741 729 1836 coepisset,
741 1743 778 1810 'et
791 1739 948 1836 srpfnus
965 1739 1112 1812 inlecto

96 1858 231 1953 jacens
242 1911 252 1946 ,
264 1861 589 1956 cuputumurgiue
601 1856 699 1951 ejuS,
717 1863 760 1926 ut
775 1853 993 1954 experiendi
1002 1875 1113 1934 causa

100 1974 283 2046 Willisius
290 1973 467 2070 jubebat,
477 1998 592 2071 usque
610 1972 666 2042 ad
671 1977 929 2072 pauimentum
938 1968 1114 2042 reclinari

99 2097 250 2181 sineret,
261 2089 361 2162 illico
370 2097 558 2190 persemit
568 2114 680 2187 aquae
693 2114 822 2161 uersus
837 2085 1039 2164 claviculas
1052 2087 1113 2158 de
1204 2115 1208 2124 ¹

100 2209 462 2306 cursum,simulque
474 2209 563 2280 illuc
576 2208 719 2279 doloris
732 2210 969 2296 metastasim.
982 2207 1113 2301 Neque

101 2342 230 2399 tamen
245 2327 322 2398 scio
343 2350 391 2396 an
403 2327 490 2398 satis
504 2325 726 2424 intelligam,
745 2348 813 2396 cur
829 2325 854 2394 ii
866 2323 1114 2420 pariter‚non

100 2454 231 2517 tamen
257 2443 343 2516 dico
363 2445 435 2540 qui
460 2443 626 2516 thoracis
656 2441 827 2540 hydrope
859 2441 1113 2533 vexabantur„

100 2585 220 2658 quam
239 2563 306 2659 qui
323 2559 522 2658 pericardii
539 2560 597 2633 vel
617 2561 737 2632 multo
757 2585 802 2630 eo
830 2560 965 2656 majori
984 2561 1051 2657 qui
1067 2558 1114 2633 ab

101 2679 277 2750 Lancisio
295 2677 512 2776 designatus
534 2692 607 2767 est,
630 2703 711 2750 non
732 2677 833 2750 idem
853 2678 1025 2750 levamen
1049 2676 1114 2750 de-

104 2793 323 2868 cumbendo
335 2796 408 2867 sint
422 2797 628 2868 consecuti.
638 2797 740 2886 Quin
748 2810 882 2868 contra
898 2796 931 2866 is
942 2796 1009 2892 qui
1019 2795 1115 2867 rnul-

103 2928 147 2984 to
170 2913 354 3003 maximo,
380 2928 422 3004 ut
446 2912 561 3010 paulo
581 2928 666 2984 aute
685 2927 890 2985 memorata
905 2912 1116 2992 Vieussensi

105 3028 323 3102 observatio
345 3029 526 3118 ostendit,
549 3029 777 3127 urgebatur,
795 3029 994 3127 postremis
1016 3029 1116 3108 aucti
1142 3045 1144 3049 ·

103 3147 184 3244 jam
204 3145 349 3234 morbi,
366 3145 560 3218 mensibus
576 3147 617 3216 in
636 3147 735 3218 lecto
753 3148 892 3244 jugiter
912 3142 1117 3241 cogebatur

108 3265 259 3353 sedere,
286 3289 374 3336 nam
399 3267 430 3338 si
454 3263 700 3353 decumbere,
724 3263 833 3362 ,quod
858 3261 1118 3360 superioribus

107 3397 286 3482 potuerat
298 3383 510 3472 mensibus,
533 3397 751 3472 conaretur,
767 3382 868 3453 illico
883 3379 1035 3454 evidens
1046 3381 1120 3460 ins·

108 3500 215 3572 tabat
243 3498 499 3576 suffocationis
526 3503 732 3599 mortisque
765 3501 987 3598 periculum.
1018 3501 1118 3577 Num

113 3616 230 3702 forte,
248 3644 297 3689 ne
319 3619 364 3691 de
384 3634 492 3690 aucta
512 3615 810 3717 sanguiferorum
825 3642 1000 3690 vasorum
1017 3639 1120 3714 pres-

111 3738 219 3809 sione
230 3759 317 3807 cum
324 3737 546 3810 Vieussenio
556 3737 764 3836 quidquam
772 3735 950 3824 dicamus,
960 3758 1001 3806 ea
1010 3731 1119 3802 cause

154 3999 199 4077 (1)
221 4001 373 4060 Pharmac.
386 4005 453 4058 Rat.
467 4021 497 4077 p.
512 4019 546 4074 2,
561 4021 583 4058 s.
600 4021 669 4075 1‚c.
685 4003 720 4060 13
737 4003 768 4059 in
783 4002 833 4058 fin.
984 3987 987 3992 ⁵
