2648 4508
222 381 295 471 416
392 402 438 449 nr
464 397 610 449 sautans
636 400 680 446 nr
705 398 829 447 ctusls
854 392 1064 448 nonnarum

220 539 443 613 aneurysma
458 514 506 585 ab
522 513 711 610 Ruyschio
730 513 792 610 (ι)
807 511 1063 611 descriptum,
1083 529 1121 589 et
1139 541 1228 588 cum

219 633 338 706 altero
357 631 463 730 quod
483 631 637 702 Littrius
666 631 883 727 proposuit,
901 655 1035 729 magna
1056 657 1101 704 ex
1121 648 1231 731 parte

119 770 120 774 ’
217 749 515 849 comparandum
534 748 547 844 (
558 748 621 841 a),
638 748 730 832 aiat,
751 753 829 818 sine
847 763 1001 855 externo
1019 757 1149 846 quovis
1167 765 1228 821 tu-

217 895 322 943 more
341 884 460 939 totum
477 865 641 937 thoracis
660 889 790 937 cavum
806 867 1000 957 inseruere.
1018 869 1131 938 Levia
1146 867 1230 940 haec

218 1011 321 1071 esse,
349 984 487 1068 fateor,
517 983 545 1053 si
574 983 812 1079 propositum
846 983 1012 1053 Freindii
1036 985 1228 1075 attendas,
1298 1064 1301 1071 ¹

216 1130 343 1201 neque
354 1100 577 1172 huicomnia
591 1097 746 1171 fortasse
762 1100 1000 1197 imputanda;
1014 1101 1078 1173 sed
1096 1117 1227 1176 tamen

218 1220 371 1306 eadem,
386 1233 499 1315 atque
513 1216 583 1287 alia
603 1219 615 1295 (
621 1217 657 1312 3)
677 1219 851 1316 insuper,
865 1219 993 1317 paucis
1009 1221 1049 1290 in
1067 1221 1228 1320 paginis,

217 1364 304 1410 cum
325 1337 426 1409 aliud
447 1360 596 1433 agerem
611 1336 890 1424 animadversa,
908 1353 950 1409 ut
968 1338 1226 1435 suspicionem
1287 1380 1288 1385 κ

215 1453 358 1528 faciunt
381 1455 570 1525 memoriae
590 1454 660 1525 sibi
679 1454 718 1524 in
748 1454 949 1526 scribendo
973 1454 1224 1555 praefidentis,

216 1575 268 1648 sic
288 1589 323 1645 *e
344 1572 504 1644 reddent
524 1572 563 1640 in
585 1571 749 1668 legendo
771 1574 988 1645 cautiorem.

264 1699 322 1780 ²4·
335 1697 537 1775 Caeterum,
552 1705 595 1760 ut
610 1693 881 1787 aneurysmatis
891 1715 1038 1762 causam
1048 1693 1086 1762 in
1099 1697 1227 1767 Ferra-

213 1811 313 1881 rinio
332 1836 378 1882 ex
396 1808 487 1880 tussi
504 1805 624 1879 ferina
645 1807 899 1906 diuturnaque
914 1808 1138 1882 deduximus
1154 1810 1223 1908 (4),

213 1928 265 1999 ita
283 1929 322 1998 iu
344 1926 513 1998 tubicine
531 1923 733 2022 petendam
753 1925 941 1998 credimus
953 1953 997 1998 ex
1014 1925 1223 2024 frequenti,

215 2061 252 2118 et
272 2043 392 2117 valida
410 2043 508 2116 tubae
526 2040 730 2122 inflatione.
746 2044 941 2140 Quidquid
956 2045 1057 2116 enim
1075 2046 1223 2118 violen-

213 2180 292 2251 ter,
305 2188 347 2234 ac
363 2164 428 2233 diu
442 2174 561 2231 mutat
576 2159 783 2230 naturalem
798 2161 1053 2258 respirationis
1061 2179 1221 2254 motum,

212 2298 359 2354 motum
381 2302 534 2376 quoque
550 2279 742 2376 sanguinis
758 2293 894 2362 mutat,
915 2293 957 2350 ut
977 2279 1093 2350 modo
1113 2281 1222 2351 cohi·

102 2428 105 2433 ·
210 2400 331 2484 bitus,
348 2396 463 2467 modo
485 2396 677 2485 incitatus,
698 2399 728 2465 si
745 2421 818 2492 qua
834 2392 929 2468 forte
946 2399 1040 2469 vasis
1061 2398 1221 2496 alicujus

211 2519 339 2590 minus
357 2513 511 2585 robusta
528 2537 613 2612 pars
628 2515 689 2599 sit,
704 2511 803 2583 hanc
822 2514 973 2586 tandem
992 2525 1066 2587 sive
1085 2517 1220 2589 distra-

211 2631 365 2719 hendo,
386 2629 645 2729 sive'urgendo
660 2629 796 2702 dilatet.
816 2632 1069 2720 Quamobrem
1084 2635 1122 2704 in
1136 2636 1219 2709 aliis

210 2752 350 2851 pariter
374 2751 440 2848 qui
464 2749 553 2821 tuba
576 2765 639 2819 aut
658 2747 802 2837 fistula,
825 2754 1061 2824 contentiore
1080 2754 1218 2850 spiritu
1244 2801 1247 2806 -

212 2884 367 2956 canunt,
400 2881 664 2963 aneurysmata
692 2893 770 2938 non
798 2894 885 2940 raro
915 2869 997 2940 fieri
1020 2870 1217 2944 adnotavit

208 2985 399 3058 Lancisius
415 2983 483 3080 (5).
505 2982 718 3056 Albertinus
743 2986 868 3057 aufem
884 2987 938 3081 ιδ’)
963 2970 1012 3058 er
1027 2989 1218 3083 ejusmodi

124 3109 131 3128 ⁴
209 3105 299 3176 artis
323 3127 459 3201 genere
485 3100 668 3174 indicium
695 3105 893 3202 petiit,ex
918 3130 1106 3202 quocum
1134 3107 1218 3180 aliis

310 3653 379 3711 Vid.
395 3654 490 3729 Epist.
509 3675 559 3727 17,
577 3674 607 3710 n.
627 3655 656 3711 3.

309 3757 425 3831 Supra,
443 3776 474 3813 ιι.
492 3775 538 3830 19.

311 3860 355 3913 De
371 3861 480 3913 Anenr.
498 3859 621 3929 Propos.
637 3856 674 3930 39
688 3867 716 3911 et
729 3853 777 3912 55.

310 3961 421 4036 Opusc.
437 3957 487 4015 cit.
504 3975 608 4034 supra,
627 3957 711 4019 adn.
729 3975 774 4012 ιι.
810 4021 812 4026 ,
