2820 4662
288 495 364 591 ’4οὰ
459 517 508 566 or
533 509 680 566 seorsus
704 511 749 562 rr
773 509 897 562 onusts
921 511 1132 562 uonaonuu

290 635 464 735 quicum
487 631 644 702 minime
666 625 941 726 intelligerent,
964 651 1039 724 qua
1061 629 1212 701 ratione
1239 645 1298 702 tot

288 767 440 850 tamque
453 748 630 819 violentis
647 745 878 844 paroxysmis
899 766 978 818 esse
996 761 1186 844 superstes
1206 771 1298 845 pos-

289 882 361 956 set,
380 887 452 939 nec
469 876 655 963 superstes
670 861 815 950 solum,
828 862 1084 933 verumetiam
1097 862 1244 935 viribus
1255 864 1296 933 in

288 997 391 1059 tanta
412 979 638 1056 abstinentia
657 1000 740 1049 non
763 978 920 1049 omn-ino
944 976 1116 1074 dejectis,
1134 976 1297 1052 fascina-

284 1103 432 1178 tionem
466 1097 617 1172 subesse
658 1095 824 1193 aliquam
854 1095 1142 1193 suspicarentur.
1184 1101 1294 1171 Unus

290 1215 536 1318 Malpighius,
558 1212 598 1286 id
613 1211 719 1312 quod
737 1212 819 1309 ejus
833 1211 882 1284 ad
905 1213 1169 1285 Ramazzinum
1194 1239 1294 1314 pene

287 1357 423 1410 omnes
433 1329 563 1406 litterae
581 1330 757 1430 praeclare
769 1329 992 1420 ostendunt,
1006 1329 1226 1421 verebatur,
1245 1355 1294 1405 ne

289 1468 425 1557 praeter
450 1445 656 1523 nervorum
679 1448 921 1540 irritationes,
938 1462 1114 1545 magnum
1133 1447 1296 1549 aliquod

289 1571 328 1646 i'n
346 1584 532 1644 structura
550 1565 682 1639 lateret
691 1559 940 1655 obstaculum,
958 1563 1061 1638 Ioesio
1077 1566 1214 1666 aliqua
1229 1593 1292 1638 or·

269 1667 443 1788 'geniem
460 1709 576 1785 quam
591 1685 767 1756 humores
775 1682 884 1784 pleni
898 1683 1134 1756 erodentibus
1151 1685 1290 1757 salibus

288 1791 514 1892 intulissent,
532 1818 716 1904 cauteque
730 1817 930 1904 propterea
943 1827 1068 1901 neque
1079 1825 1193 1876 usum
1207 1827 1291 1874 nar-

286 1921 517 2011 coticorum,
528 1945 610 2021 quae
621 1945 718 2021 aegro
736 1920 1029 1994 data'interdum
1042 1918 1210 2009 fuerant,
1227 1945 1291 1993 ne·

288 2065 364 2143 que
376 2041 526 2130 balnea,
545 2064 629 2139 quae
644 2040 979 2140 proponebantur,
998 2039 1064 2112 sed
1079 2039 1151 2110 alia
1165 2040 1289 2111 minus

288 2173 462 2258 suspecta
489 2157 695 2257 probabat,
723 2171 787 2230 aut
809 2159 907 2257 ipse,
934 2172 977 2229 ut
1002 2155 1164 2240 solebat,
1189 2179 1288 2228 com·

286 2273 502 2350 mendabat.
529 2267 702 2374 Denique
724 2273 832 2348 iutra
846 2257 1159 2374 septuagesimum
1177 2299 1199 2345 a
1218 2274 1290 2372 pri·

286 2417 354 2466 mo
377 2392 519 2465 insultu
535 2391 636 2464 diem
655 2393 765 2464 cessit
783 2417 879 2492 aeger
899 2391 1144 2464 vehementia
1166 2391 1290 2466 morbi
1401 2465 1402 2497 ,

288 2511 364 2598 sui,
385 2535 472 2582 cum
494 2523 579 2580 toto
604 2533 650 2580 eo
671 2525 747 2582 tam
772 2511 888 2608 longo
915 2511 1033 2609 spatio
1061 2510 1194 2583 sedere
1217 2509 1289 2584 fere
1400 2555 1401 2581 r

205 2724 209 2732 .
288 2649 438 2723 semper
451 2625 493 2695 in
513 2624 629 2715 lecto,
643 2643 710 2698 aut
725 2628 764 2698 in
778 2623 866 2698 sella
881 2641 1031 2701 coactus
1049 2643 1166 2718 esset,
1182 2643 1227 2701 ut
1242 2627 1288 2700 fa·
1399 2633 1400 2663 ¹

286 2741 394 2818 cilius
411 2743 583 2841 spiritum
596 2743 770 2833 duceret,
781 2746 984 2842 praesertim
998 2747 1029 2817 si
1041 2746 1226 2818 inclinato
1240 2771 1288 2818 se·
1397 2783 1398 2794 κ

264 2891 268 2896 ·
285 2859 392 2946 deret
411 2860 551 2958 capite,
563 2859 623 2932 vel
640 2861 767 2959 potius
780 2885 940 2960 corpore
951 2861 992 2932 in'
1008 2885 1119 2935 arcus
1131 2864 1287 2936 modum
1396 2881 1397 2911 ¹

289 2992 504 3051 antrorsum
524 2993 696 3068 curvato;
709 3003 823 3079 quem
839 2994 1040 3078 propterea
1054 2981 1224 3079 positum
1237 2979 1287 3054 fe-

285 3119 327 3172 re
339 3095 487 3168 assidue
507 3096 687 3168 servabat.

336 3212 549 3286 Abdomine
565 3212 873 3312 diducto,·neque
885 3215 978 3301 lien,
994 3219 1120 3312 neque
1132 3215 1210 3288 ulla
1220 3216 1286 3288 alia

285 3331 428 3402 viscera
444 3327 610 3401 morbidi
628 3327 837 3428 quidquam
858 3331 1117 3405 ostenderunt.
1138 3337 1184 3404 In
1205 3334 1285 3406 tho·

285 3470 374 3521 rece
389 3472 546 3546 quoque
558 3447 661 3518 illaesi
673 3447 873 3545 pulmones
888 3443 1032 3522 inventi
1044 3466 1143 3523 sunt.
1164 3449 1237 3524 Sed
1247 3452 1285 3522 in

285 3581 408 3653 aorta‚
428 3587 543 3662 supra
561 3587 628 3635 cor
643 3587 682 3636 se
693 3563 1098 3665 attollente,'maguum
1113 3592 1284 3665 uneurys·
1325 3551 1328 3560 ’

285 3707 346 3754 ma
358 3696 603 3779 conspectum
615 3696 686 3769 est,
703 3706 747 3753 ex
759 3685 840 3778 quo'
851 3686 1020 3776 concreti
1036 3687 1227 3782 sauguinis
1242 3687 1283 3757 li·

283 3798 391 3872 bram
409 3822 531 3895 eoque
548 3797 707 3895 amplius
719 3816 957 3885 exemerunt,
976 3802 1015 3871 in
1035 3803 1142 3897 cujus
1160 3801 1281 3875 medio

285 3912 471 4016 polyposa
494 3927 573 3985 erat
589 3917 782 3994 concretio
801 3917 1040 4014 longitudine
1055 3934 1093 3994 et
1112 3921 1282 3996 crassitu-

282 4032 374 4108 dine
385 4032 492 4144 digiti
505 4030 649 4106 indicis.
718 4065 720 4072 ·
