2832 4662
194 417 263 469 tms
290 417 330 470 ιι.
358 419 405 470 nr
431 417 568 468 nonnis
591 415 789 486 ruentem,
813 421 926 470 ntusn
951 423 1010 469 xx.
1039 391 1109 471 553

108 509 251 608 febrem
268 547 393 606 autern
406 533 585 612 leviorem
596 531 662 628 (ι).
679 537 820 604 Verum
836 533 873 604 id
886 536 1011 632 ipsum
1023 549 1115 607 tunc

108 675 187 722 non
206 665 262 724 est
281 648 552 738 omittendum
574 651 652 721 imo
673 649 893 750 diligenter,
919 651 1023 749 quod
1043 651 1114 722 uti·

109 774 184 864 qu'e
199 767 369 838 Valsalva
384 763 550 854 lecisset,
569 766 839 840 adnotandum.
862 769 972 841 Nunc
989 781 1116 840 autem

110 881 272 973 febrem,
284 899 464 982 tanquam
476 881 581 957 facile
594 883 891 960 subaudiendam
906 901 1116 958 memorare

110 1001 360 1100 pretermittit
376 1025 457 1074 uon
471 1020 545 1074 una
561 1003 601 1072 in
614 1001 846 1098 historia(a)‚
860 1003 963 1075 velut
976 1004 1016 1076 iti
1025 1002 1118 1074 dua·

109 1117 182 1194 bus
196 1119 401 1217 'presertim
420 1143 514 1216 quas
531 1121 714 1192 continuo
727 1118 933 1218 subjiciam.
1025 1137 1027 1142 ·

162 1234 193 1308 5.
214 1239 334 1310 Senex
353 1251 595 1311 annosnatus
614 1238 802 1334 sexaginta
818 1239 1009 1336 quinque,
1029 1253 1118 1310 cum

110 1366 197 1426 ante
207 1351 403 1428 biennium
417 1353 564 1436 brachii
576 1355 718 1450 dexteri
729 1337 889 1452 [iaralysi
901 1369 1118 1454 correptus,

109 1469 159 1542 ab
173 1470 380 1568 eademque
395 1469 598 1557 liberatus,
617 1471 750 1567 saepius
766 1486 897 1568 postea
911 1471 1044 1544 ¹dolore
1057 1497 1119 1544 ca·
1236 1468 1239 1476 ’

108 1587 200 1686 pitis
214 1583 312 1658 allici
337 1588 606 1675 consuevisset3
625 1589 827 1660 novissime
852 1585 902 1658 ob
924 1589 1117 1686 pulmonis

112 1701 449 1798 inflammationem
461 1703 501 1774 in
516 1703 608 1775 illud
621 1703 727 1801 quod
745 1702 860 1802 paulo
875 1717 1122 1776 autememo·

110 1821 193 1894 ravi
205 1876 216 1910 ,
230 1821 494 1894 nosocomium
509 1835 702 1920 exceptus,
723 1820 885 1892 multum
900 1820 950 1892 de
965 1819 1118 1910 dolore,

113 1955 152 2012 et
168 1961 283 2014 seusu·
294 1937 476 2038 ponderis
491 1940 535 2009 in
548 1938 881 2012 sinistra·thoracis
901 1953 1006 2037 parte
1023 1963 1119 2035 que·

112 2056 284 2145 rebatur,
297 2056 568 2154 materiamque
579 2056 823 2155 purulentam
836 2053 1119 2154 expectorabat:

47 2162 53 2173 ’
115 2176 225 2270 qu'us
240 2174 404 2246 excretio
421 2197 507 2244 cum
524 2198 593 2272 per
608 2173 745 2248 multas
767 2173 881 2246 horas
903 2170 1120 2263 defecisset,

116 2316 164 2364 ex
177 2293 383 2389 improviso
400 2315 521 2390 prope
537 2291 760 2394 vigesimqm
776 2292 929 2364 tertium
946 2289 1047 2364 diem
1066 2303 1124 2366 est

116 2423 322 2506 mortuns.-

78 2529 80 2534 ’
149 2524 341 2598 thoracis
362 2549 495 2597 cavum
522 2525 715 2600 sinistrum
747 2526 916 2601 tumidus
941 2547 985 2597 ac
1005 2523 1134 2596 durus'

113 2641 246 2741 pulmo
274 2657 396 2716 totum
423 2642 616 2742 replebat,
637 2644 745 2718 ulcus
766 2646 983 2733 continens3
1016 2639 1123 2742 quod
1221 2661 1230 2686 ’-

115 2760 236 2833 multa
249 2762 351 2833 sanie
365 2761 549 2848 scatebat,
568 2787 637 2860 per
649 2763 830 2858 majorem
845 2765 956 2834 etiam
971 2761 1124 2861 pulmo·
1210 2839 1213 2845 ,
1313 2777 1328 2820 Ἀ

115 2877 177 2948 nis
193 2875 291 2948 illius
308 2892 454 2974 partem
468 2875 614 2950 diffusa.
633 2878 768 2951 Pleura
785 2893 912 2950 autem
934 2891 1013 2948 erat
1040 2901 1123 2949 om-

114 2995 212 3066 nino
224 3013 322 3066 sana
341 2991 474 3065 Cordis
489 2991 677 3076 thalamus
692 2993 822 3068 dexter
838 2994 1125 3064 concretionem

116 3111 341 3211 polyposam
360 3108 541 3198 habebat,
563 3131 647 3209 quac
676 3135 715 3184 se
742 3136 811 3210 per
840 3133 976 3186 venam
996 3133 1125 3182 caram

117 3229 226 3327 quasi
251 3227 300 3299 ad
327 3225 444 3298 cubiti
463 3225 740 3326 longitudinem
757 3229 987 3318 extendens,
1006 3227 1126 3300 varias

117 3346 201 3442 ejus
213 3345 433 3442 partitiones
444 3343 672 3418 imitabatur.
690 3350 778 3416 Erat
794 3345 909 3417 altera
923 3346 962 3418 iu
976 3345 1127 3420 sinistro
1211 3379 1213 3382 ·

116 3460 308 3534 thalamo:
327 3460 395 3534 sed
411 3461 490 3534 haec
512 3463 553 3534 iu
569 3465 745 3536 arteriam
765 3455 938 3561 magnam
958 3464 1018 3534 vix
1039 3484 1127 3561 per-

119 3574 305 3650 veniebat.
331 3581 377 3648 Iu
396 3577 542 3672 cerebri
567 3593 692 3676 autem
706 3580 924 3664 ventriculis
949 3605 1047 3678 aqua
1065 3581 1126 3650 in·

162 3859 206 3942 (1)
226 3849 297 3921 Vid.v
312 3863 406 3934 infra,
424 3881 455 3920 n.
473 3863 523 3920 ιθ.
610 3907 611 3910 ¹

163 3959 211 4038 (a)
230 3961 299 4022 tid.
316 3963 411 4034 iufra,
429 3981 460 4022 u.
479 3981 526 4023 ao.
