2812 4660
317 417 388 490 366
489 441 534 486 nn
561 437 707 486 sumans
732 438 776 484 er
802 435 925 484 causis
951 437 1163 486 norinorum

313 554 432 626 simile
446 551 660 649 exemplum
681 562 759 620 non
776 551 965 648 ignorem,
981 551 1085 648 quod
1099 575 1192 622 mox
1207 551 1326 648 subji-

311 674 535 756 cietur;non
547 666 885 766 tamenprohibere
894 665 1007 740 debet
1015 668 1259 740 utilissimum
1269 672 1323 739 in·

311 784 1324 886 cipienteetprogredienteaneurysmate,venaesectio·

312 907 370 977 nis
389 903 616 1003 praesidium.
635 902 748 992 Quod
762 918 799 974 et
820 903 855 973 ei
873 901 919 972 de
934 927 1009 1000 qua
1025 927 1182 975 narrare
1200 927 1322 1002 coepe-

309 1019 555 1108 ram,feminae
568 1020 636 1093 etsi
646 1019 757 1092 nimis
767 1018 920 1116 placuit,
929 1021 1014 1092 satis
1025 1035 1152 1091 tamen
1162 1017 1320 1118 profuit.

308 1139 447 1210 Prioris
471 1137 572 1208 enim
601 1135 737 1207 medici
759 1135 958 1208 consilium
986 1137 1146 1208 omnino
1175 1153 1321 1226 secuta,

310 1256 464 1328 alterius
473 1268 598 1325 autem
609 1252 668 1325 vel
685 1275 728 1322 ea
746 1247 786 1322 in
803 1266 928 1350 parte,
946 1275 1060 1350 quam
1077 1268 1114 1326 et
1131 1254 1243 1351 prior
1259 1253 1319 1324 ille

309 1387 410 1443 certe
430 1369 645 1469 probasset,
664 1369 900 1466 usqueadeo
927 1393 1057 1461 exosa,
1081 1386 1123 1441 ut
1152 1394 1256 1468 quos
1283 1386 1319 1442 et

309 1504 569 1587 quotcumque
589 1488 664 1560 sive
679 1487 826 1560 occasio
846 1484 979 1576 ferret,
1000 1489 1076 1560 sive
1097 1489 1317 1587 appetentia

308 1621 544 1705 suggereret,
561 1606 601 1676 in
627 1619 728 1677 recte
751 1603 904 1676 vivendi
921 1625 1056 1676 norma
1077 1625 1230 1678 errores
1251 1605 1315 1678 ad·

307 1723 492 1811 mitteret3
518 1747 655 1794 novem
670 1737 796 1794 tamen
815 1723 917 1821 ipsos
932 1746 1069 1812 annos,
1094 1725 1165 1794 etsi
1187 1723 1312 1794 cordis

271 1935 274 1941 Δ
308 1865 463 1941 quoque
477 1841 739 1939 palpitationes
751 1840 943 1912 interdum
960 1854 1218 1930 accesserant,
1237 1843 1313 1913 sine

306 1957 387 2030 ullo
406 1981 563 2056 prorsus
580 1960 813 2030 incremento
829 1981 870 2030 ea
883 1959 1038 2056 pertulit
1054 1960 1194 2056 quaein
1216 1959 1313 2034 collo

306 2075 495 2175 descripsi.
516 2081 657 2148 Verum
677 2076 776 2148 hauc
803 2077 941 2148 imitari
965 2074 1144 2148 feminam
1162 2079 1311 2176 pericu-

303 2194 447 2283 losum;
468 2196 541 2267 nisi
558 2195 643 2291 quis
658 2192 753 2266 forte
767 2193 1003 2266 tantumdem
1017 2195 1146 2293 gignat
1164 2197 1310 2293 sangui-

304 2316 579 2412 nis,·quantum
595 2311 673 2409 ipsa
689 2309 874 2408 gignebat.
889 2315 982 2382 Nam
994 2326 1129 2411 praeter
1144 2337 1236 2384 eum
1249 2313 1311 2410 qui

302 2430 421 2502 altero
438 2453 729 2527 quoquemense
740 2428 976 2513 mittebatur,
988 2453 1089 2500 anno
1104 2445 1307 2528 antequam

301 2550 381 2648 ipse
389 2548 568 2632 viderem,
582 2561 667 2644 post
679 2547 895 2619 tussiculam
907 2562 1215 2644 expectoraverat
1228 2571 1305 2620 eam

302 2665 451 2762 copiam
468 2664 674 2761 sanguinis,
690 2680 733 2738 ut
747 2665 794 2736 ad
810 2681 975 2738 extrema
986 2667 1223 2763 pervenerit,
1244 2691 1306 2738 ne-

300 2807 375 2882 que
395 2783 435 2853 in
453 2782 667 2854 cachexiam
688 2798 814 2854 tamen
832 2783 1025 2870 inciderit,
1038 2788 1116 2854 imo
1136 2782 1302 2881 denique

298 2901 413 3002 gravi,
422 2913 462 2972 ut
476 2900 565 2984 dixi,
580 2900 777 2972 oculorum
794 2899 1087 2974 inflammatione
1100 2899 1301 2972 laboraret.
1398 2911 1399 2962 3

349 3017 406 3092 32.
432 3020 543 3092 Nunc
562 3017 719 3090 alterum
740 3017 835 3090 illud
855 3018 958 3116 quod
977 3018 1091 3114 paulo
1111 3031 1199 3088 ante
1219 3009 1302 3116 spo-

296 3136 434 3236 pondi,
462 3135 676 3234 exemplum
697 3136 848 3266 accipe,
871 3134 1000 3206 haud
992 3151 1059 3223 ita,
1082 3135 1155 3206 nisi
1173 3133 1301 3222 fallor,

297 3255 562 3349 ejusdissirnile
579 3253 684 3352 quod
702 3255 791 3324 anui
807 3269 1022 3326 narraverat
1038 3253 1221 3325 medicus.
1238 3254 1300 3326 Vir

295 3370 434 3444 nobilis
458 3395 579 3444 annos
604 3379 715 3444 natus
734 3371 895 3470 amplius
911 3373 1203 3469 quinquaginta,
1231 3369 1298 3442 sub

293 3488 442 3558 initium
462 3490 664 3560 maiianno
684 3487 793 3585 1730,
812 3490 1002 3560 Patavium
1019 3488 1140 3573 venit,
1159 3503 1203 3558 ut
1224 3512 1298 3574 me,

293 3606 479 3702 simulque
494 3605 655 3678 alterum
665 3606 882 3677 consuleret
897 3607 1084 3678 seniorem
1094 3605 1294 3676 medicum.

291 3721 484 3812 Narrabat,
497 3747 542 3794 ex
557 3748 634 3820 quo
652 3722 723 3796 sibi
738 3723 941 3795 recidivam
960 3723 1123 3796 scabiem
1138 3723 1294 3820 sulphu-

292 3865 359 3912 reo
368 3855 565 3938 unguento
574 3841 788 3937 repulisset,
799 3865 843 3910 ex
857 3865 904 3912 eo
919 3855 1108 3936 tempore,
1128 3839 1290 3910 decimus

180 3970 183 3975 “
291 3972 514 4030 tuncannus
528 3970 621 4047 erat,
634 3956 842 4028 obnoxium
858 3957 1038 4058 paulatim
1056 3981 1135 4028 esse
1155 3955 1287 4028 factum

1394 3897 1396 4024 l
