<?xml version="1.0" encoding="UTF-8"?>
<!DOCTYPE html PUBLIC "-//W3C//DTD XHTML 1.0 Transitional//EN"
    "http://www.w3.org/TR/xhtml1/DTD/xhtml1-transitional.dtd">
<html xmlns="http://www.w3.org/1999/xhtml" xml:lang="en" lang="en">
 <head>
  <title>
</title>
<meta http-equiv="Content-Type" content="text/html;charset=utf-8" />
  <meta name='ocr-system' content='tesseract 3.04.00' />
  <meta name='ocr-capabilities' content='ocr_page ocr_carea ocr_par ocr_line ocrx_word'/>
</head>
<body>
  <div class='ocr_page' id='page_1' title='image "./desedibusetcaus00chaugoog_0498.png"; bbox 0 0 2648 4508; ppageno 0'>
   <div class='ocr_carea' id='block_1_1' title="bbox 227 376 1264 478">
    <p class='ocr_par' dir='ltr' id='par_1_1' title="bbox 227 376 1264 478">
     <span class='ocr_line' id='line_1_1' title="bbox 227 376 1264 478; baseline -0.012 -17"><span class='ocrx_word' id='word_1_1' title='bbox 227 414 295 461; x_wconf 81' lang='lat' dir='ltr'>nm.</span> <span class='ocrx_word' id='word_1_2' title='bbox 324 412 363 458; x_wconf 91' lang='grc' dir='ltr'>ιι.</span> <span class='ocrx_word' id='word_1_3' title='bbox 392 411 438 456; x_wconf 83' lang='lat' dir='ltr'>ns</span> <span class='ocrx_word' id='word_1_4' title='bbox 464 405 600 456; x_wconf 78' lang='lat' dir='ltr'>nonme</span> <span class='ocrx_word' id='word_1_5' title='bbox 624 404 822 469; x_wconf 70' lang='lat' dir='ltr'>moriers,</span> <span class='ocrx_word' id='word_1_6' title='bbox 846 403 958 452; x_wconf 72' lang='lat' dir='ltr'>misr.</span> <span class='ocrx_word' id='word_1_7' title='bbox 984 404 1059 450; x_wconf 82' lang='lat' dir='ltr'>xrx.</span> <span class='ocrx_word' id='word_1_8' title='bbox 1088 376 1156 478; x_wconf 80' lang='lat'>507</span> <span class='ocrx_word' id='word_1_9' title='bbox 1259 420 1264 429; x_wconf 45' lang='grc' dir='ltr'><strong>ι</strong></span> 
     </span>
    </p>
   </div>
   <div class='ocr_carea' id='block_1_2' title="bbox 144 519 1255 3690">
    <p class='ocr_par' dir='ltr' id='par_1_2' title="bbox 144 519 1255 3690">
     <span class='ocr_line' id='line_1_2' title="bbox 153 519 1159 624; baseline -0.008 -26"><span class='ocrx_word' id='word_1_10' title='bbox 153 529 235 599; x_wconf 84' lang='lat' dir='ltr'>aliis</span> <span class='ocrx_word' id='word_1_11' title='bbox 248 524 434 624; x_wconf 82' lang='lat' dir='ltr'>placuisse</span> <span class='ocrx_word' id='word_1_12' title='bbox 457 521 508 592; x_wconf 94' lang='lat' dir='ltr'>ob</span> <span class='ocrx_word' id='word_1_13' title='bbox 526 520 602 592; x_wconf 91' lang='lat' dir='ltr'>hoc</span> <span class='ocrx_word' id='word_1_14' title='bbox 626 543 746 590; x_wconf 91' lang='lat' dir='ltr'>unum</span> <span class='ocrx_word' id='word_1_15' title='bbox 766 519 920 591; x_wconf 86' lang='lat' dir='ltr'>interire</span> <span class='ocrx_word' id='word_1_16' title='bbox 937 539 1159 615; x_wconf 83' lang='lat' dir='ltr'>suspensos,</span> 
     </span>
     <span class='ocr_line' id='line_1_3' title="bbox 156 634 1160 743; baseline -0.01 -28"><span class='ocrx_word' id='word_1_17' title='bbox 156 643 262 743; x_wconf 67' lang='lat' dir='ltr'>quoq</span> <span class='ocrx_word' id='word_1_18' title='bbox 274 642 470 741; x_wconf 78' lang='lat' dir='ltr'><strong>respiratio</strong></span> <span class='ocrx_word' id='word_1_19' title='bbox 484 636 758 737; x_wconf 79' lang='lat' dir='ltr'>intercipiatur,</span> <span class='ocrx_word' id='word_1_20' title='bbox 767 637 807 706; x_wconf 85' lang='lat' dir='ltr'>in</span> <span class='ocrx_word' id='word_1_21' title='bbox 823 634 1070 732; x_wconf 89' lang='lat' dir='ltr'>eamdemque</span> <span class='ocrx_word' id='word_1_22' title='bbox 1081 657 1160 706; x_wconf 85' lang='lat' dir='ltr'>sen·</span> 
     </span>
     <span class='ocr_line' id='line_1_4' title="bbox 155 750 1164 859; baseline -0.008 -25"><span class='ocrx_word' id='word_1_23' title='bbox 155 763 313 834; x_wconf 89' lang='lat' dir='ltr'>tentiam</span> <span class='ocrx_word' id='word_1_24' title='bbox 347 759 499 831; x_wconf 90' lang='lat' dir='ltr'>demum</span> <span class='ocrx_word' id='word_1_25' title='bbox 528 757 630 827; x_wconf 90' lang='lat' dir='ltr'>viros</span> <span class='ocrx_word' id='word_1_26' title='bbox 661 750 928 828; x_wconf 87' lang='lat' dir='ltr'>celeberrimos</span> <span class='ocrx_word' id='word_1_27' title='bbox 959 754 1164 859; x_wconf 79' lang='lat' dir='ltr'>transiisse,</span> 
     </span>
     <span class='ocr_line' id='line_1_5' title="bbox 156 871 1163 977; baseline -0.007 -28"><span class='ocrx_word' id='word_1_28' title='bbox 156 879 296 977; x_wconf 91' lang='lat' dir='ltr'>quibus</span> <span class='ocrx_word' id='word_1_29' title='bbox 310 893 418 950; x_wconf 87' lang='lat' dir='ltr'>antea</span> <span class='ocrx_word' id='word_1_30' title='bbox 438 879 559 971; x_wconf 83' lang='lat' dir='ltr'>visum</span> <span class='ocrx_word' id='word_1_31' title='bbox 577 890 689 965; x_wconf 87' lang='lat' dir='ltr'>esset,</span> <span class='ocrx_word' id='word_1_32' title='bbox 707 873 920 948; x_wconf 80' lang='lat' dir='ltr'>constrictis</span> <span class='ocrx_word' id='word_1_33' title='bbox 932 873 1039 944; x_wconf 87' lang='lat' dir='ltr'>venis</span> <span class='ocrx_word' id='word_1_34' title='bbox 1052 871 1163 970; x_wconf 80' lang='lat' dir='ltr'>jugu-</span> 
     </span>
     <span class='ocr_line' id='line_1_6' title="bbox 158 989 1166 1094; baseline -0.009 -25"><span class='ocrx_word' id='word_1_35' title='bbox 158 996 300 1069; x_wconf 86' lang='lat' dir='ltr'>laribus</span> <span class='ocrx_word' id='word_1_36' title='bbox 325 997 363 1067; x_wconf 91' lang='lat' dir='ltr'>id</span> <span class='ocrx_word' id='word_1_37' title='bbox 389 996 515 1094; x_wconf 90' lang='lat' dir='ltr'>potius</span> <span class='ocrx_word' id='word_1_38' title='bbox 539 1019 635 1083; x_wconf 89' lang='lat' dir='ltr'>esse,</span> <span class='ocrx_word' id='word_1_39' title='bbox 663 1018 777 1091; x_wconf 92' lang='lat' dir='ltr'>quam</span> <span class='ocrx_word' id='word_1_40' title='bbox 800 992 847 1064; x_wconf 90' lang='lat' dir='ltr'>ab</span> <span class='ocrx_word' id='word_1_41' title='bbox 868 989 1052 1090; x_wconf 89' lang='lat' dir='ltr'>impedito</span> <span class='ocrx_word' id='word_1_42' title='bbox 1071 989 1166 1060; x_wconf 89' lang='lat' dir='ltr'>aeris</span> 
     </span>
     <span class='ocr_line' id='line_1_7' title="bbox 159 1111 1166 1213; baseline -0.008 -28"><span class='ocrx_word' id='word_1_43' title='bbox 159 1140 251 1202; x_wconf 90' lang='lat' dir='ltr'>usu,</span> <span class='ocrx_word' id='word_1_44' title='bbox 268 1113 529 1213; x_wconf 87' lang='lat' dir='ltr'>repetendum.</span> <span class='ocrx_word' id='word_1_45' title='bbox 550 1117 595 1186; x_wconf 90' lang='lat' dir='ltr'>Et</span> <span class='ocrx_word' id='word_1_46' title='bbox 607 1138 656 1185; x_wconf 91' lang='lat' dir='ltr'>ne</span> <span class='ocrx_word' id='word_1_47' title='bbox 671 1111 765 1183; x_wconf 87' lang='lat' dir='ltr'>mihi</span> <span class='ocrx_word' id='word_1_48' title='bbox 782 1112 938 1210; x_wconf 85' lang='lat' dir='ltr'>objicias</span> <span class='ocrx_word' id='word_1_49' title='bbox 952 1133 1037 1182; x_wconf 93' lang='lat' dir='ltr'>cum</span> <span class='ocrx_word' id='word_1_50' title='bbox 1055 1112 1166 1205; x_wconf 87' lang='lat' dir='ltr'>Wep·</span> 
     </span>
     <span class='ocr_line' id='line_1_8' title="bbox 160 1224 1176 1331; baseline -0.01 -27"><span class='ocrx_word' id='word_1_51' title='bbox 160 1229 241 1304; x_wconf 81' lang='lat' dir='ltr'>fero</span> <span class='ocrx_word' id='word_1_52' title='bbox 258 1232 332 1329; x_wconf 81' lang='grc' dir='ltr'>(ι),</span> <span class='ocrx_word' id='word_1_53' title='bbox 352 1234 430 1305; x_wconf 89' lang='lat' dir='ltr'>siue</span> <span class='ocrx_word' id='word_1_54' title='bbox 447 1232 694 1331; x_wconf 80' lang='lat' dir='ltr'>respiratione</span> <span class='ocrx_word' id='word_1_55' title='bbox 711 1232 934 1318; x_wconf 81' lang='lat' dir='ltr'>urinatores,</span> <span class='ocrx_word' id='word_1_56' title='bbox 953 1243 990 1302; x_wconf 88' lang='lat' dir='ltr'>et</span> <span class='ocrx_word' id='word_1_57' title='bbox 1006 1224 1176 1323; x_wconf 86' lang='lat' dir='ltr'>hysteri-&#39;</span> 
     </span>
     <span class='ocr_line' id='line_1_9' title="bbox 160 1347 1168 1449; baseline -0.007 -26"><span class='ocrx_word' id='word_1_58' title='bbox 160 1375 224 1423; x_wconf 84' lang='lat' dir='ltr'>cas</span> <span class='ocrx_word' id='word_1_59' title='bbox 234 1352 358 1422; x_wconf 86' lang='lat' dir='ltr'>vivere</span> <span class='ocrx_word' id='word_1_60' title='bbox 368 1378 378 1439; x_wconf 89' lang='lat'>;</span> <span class='ocrx_word' id='word_1_61' title='bbox 389 1374 607 1449; x_wconf 84' lang='lat' dir='ltr'>quanquam</span> <span class='ocrx_word' id='word_1_62' title='bbox 621 1349 689 1421; x_wconf 87' lang='lat' dir='ltr'>has</span> <span class='ocrx_word' id='word_1_63' title='bbox 701 1347 780 1421; x_wconf 86' lang='lat' dir='ltr'>bon</span> <span class='ocrx_word' id='word_1_64' title='bbox 793 1349 952 1420; x_wconf 87' lang='lat' dir='ltr'>omnino</span> <span class='ocrx_word' id='word_1_65' title='bbox 962 1359 1075 1443; x_wconf 85' lang='lat' dir='ltr'>negat</span> <span class='ocrx_word' id='word_1_66' title='bbox 1088 1366 1168 1416; x_wconf 90' lang='lat' dir='ltr'>res-</span> 
     </span>
     <span class='ocr_line' id='line_1_10' title="bbox 160 1462 1206 1567; baseline -0.012 -26"><span class='ocrx_word' id='word_1_67' title='bbox 160 1472 301 1567; x_wconf 85' lang='lat' dir='ltr'>pirare,</span> <span class='ocrx_word' id='word_1_68' title='bbox 326 1470 391 1540; x_wconf 91' lang='lat' dir='ltr'>sed</span> <span class='ocrx_word' id='word_1_69' title='bbox 416 1468 463 1538; x_wconf 93' lang='lat' dir='ltr'>ad</span> <span class='ocrx_word' id='word_1_70' title='bbox 487 1492 639 1540; x_wconf 87' lang='lat' dir='ltr'>sensum</span> <span class='ocrx_word' id='word_1_71' title='bbox 660 1467 861 1555; x_wconf 61' lang='lat' dir='ltr'>duntaxatj</span> <span class='ocrx_word' id='word_1_72' title='bbox 881 1467 973 1538; x_wconf 83' lang='lat' dir='ltr'>scito</span> <span class='ocrx_word' id='word_1_73' title='bbox 1000 1486 1105 1534; x_wconf 86' lang='lat' dir='ltr'>nuuc</span> <span class='ocrx_word' id='word_1_74' title='bbox 1127 1462 1168 1532; x_wconf 81' lang='lat' dir='ltr'>in</span> <span class='ocrx_word' id='word_1_75' title='bbox 1204 1524 1206 1528; x_wconf 87' lang='lat'>.</span> 
     </span>
     <span class='ocr_line' id='line_1_11' title="bbox 161 1583 1170 1684; baseline -0.003 -28"><span class='ocrx_word' id='word_1_76' title='bbox 161 1585 267 1658; x_wconf 86' lang='lat' dir='ltr'>hisce</span> <span class='ocrx_word' id='word_1_77' title='bbox 282 1588 544 1659; x_wconf 89' lang='lat' dir='ltr'>immorarime</span> <span class='ocrx_word' id='word_1_78' title='bbox 561 1587 814 1684; x_wconf 64' lang='lat' dir='ltr'>nollensque</span> <span class='ocrx_word' id='word_1_79' title='bbox 829 1587 876 1657; x_wconf 90' lang='lat' dir='ltr'>de</span> <span class='ocrx_word' id='word_1_80' title='bbox 894 1585 1079 1684; x_wconf 80' lang='lat' dir='ltr'>praecipua</span> <span class='ocrx_word' id='word_1_81' title='bbox 1093 1583 1170 1653; x_wconf 88' lang='lat' dir='ltr'>ins·</span> 
     </span>
     <span class='ocr_line' id='line_1_12' title="bbox 144 1703 1170 1804; baseline -0.005 -30"><span class='ocrx_word' id='word_1_82' title='bbox 144 1705 273 1802; x_wconf 87' lang='lat' dir='ltr'>pirati</span> <span class='ocrx_word' id='word_1_83' title='bbox 295 1707 390 1777; x_wconf 90' lang='lat' dir='ltr'>aeris</span> <span class='ocrx_word' id='word_1_84' title='bbox 413 1705 572 1776; x_wconf 87' lang='lat' dir='ltr'>utilitate</span> <span class='ocrx_word' id='word_1_85' title='bbox 601 1706 810 1804; x_wconf 81' lang='lat' dir='ltr'>disputare3</span> <span class='ocrx_word' id='word_1_86' title='bbox 833 1704 898 1776; x_wconf 87' lang='lat' dir='ltr'>sed</span> <span class='ocrx_word' id='word_1_87' title='bbox 924 1703 998 1774; x_wconf 91' lang='lat' dir='ltr'>hoc</span> <span class='ocrx_word' id='word_1_88' title='bbox 1021 1715 1170 1773; x_wconf 83' lang='lat' dir='ltr'>tantum</span> 
     </span>
     <span class='ocr_line' id='line_1_13' title="bbox 162 1818 1175 1919; baseline -0.012 -22"><span class='ocrx_word' id='word_1_89' title='bbox 162 1825 302 1915; x_wconf 85' lang='lat' dir='ltr'>dicere,</span> <span class='ocrx_word' id='word_1_90' title='bbox 313 1826 343 1897; x_wconf 92' lang='lat' dir='ltr'>si</span> <span class='ocrx_word' id='word_1_91' title='bbox 359 1847 546 1911; x_wconf 89' lang='lat' dir='ltr'>vasorum,</span> <span class='ocrx_word' id='word_1_92' title='bbox 555 1847 837 1919; x_wconf 89' lang='lat' dir='ltr'>nervorumque</span> <span class='ocrx_word' id='word_1_93' title='bbox 846 1821 957 1893; x_wconf 91' lang='lat' dir='ltr'>simul</span> <span class='ocrx_word' id='word_1_94' title='bbox 966 1818 1062 1892; x_wconf 86' lang='lat' dir='ltr'>facta</span> <span class='ocrx_word' id='word_1_95' title='bbox 1072 1840 1175 1890; x_wconf 91' lang='lat' dir='ltr'>com.</span> 
     </span>
     <span class='ocr_line' id='line_1_14' title="bbox 159 1936 1255 2042; baseline -0.008 -28"><span class='ocrx_word' id='word_1_96' title='bbox 159 1945 304 2042; x_wconf 86' lang='lat' dir='ltr'>pressio</span> <span class='ocrx_word' id='word_1_97' title='bbox 321 1964 512 2013; x_wconf 81' lang='lat' dir='ltr'>noneum</span> <span class='ocrx_word' id='word_1_98' title='bbox 536 1941 622 2013; x_wconf 89' lang='lat' dir='ltr'>satis</span> <span class='ocrx_word' id='word_1_99' title='bbox 646 1940 821 2012; x_wconf 89' lang='lat' dir='ltr'>credatur</span> <span class='ocrx_word' id='word_1_100' title='bbox 843 1936 1039 2026; x_wconf 84' lang='lat' dir='ltr'>effectum,</span> <span class='ocrx_word' id='word_1_101' title='bbox 1062 1937 1170 2032; x_wconf 86' lang='lat' dir='ltr'>cujus</span> <span class='ocrx_word' id='word_1_102' title='bbox 1253 2027 1255 2030; x_wconf 16' lang='grc' dir='ltr'>Ι</span> 
     </span>
     <span class='ocr_line' id='line_1_15' title="bbox 161 2057 1172 2156; baseline -0.004 -24"><span class='ocrx_word' id='word_1_103' title='bbox 161 2085 312 2133; x_wconf 88' lang='lat' dir='ltr'>causam</span> <span class='ocrx_word' id='word_1_104' title='bbox 339 2059 560 2156; x_wconf 85' lang='lat' dir='ltr'>quaerimus,</span> <span class='ocrx_word' id='word_1_105' title='bbox 589 2083 659 2156; x_wconf 89' lang='lat' dir='ltr'>per</span> <span class='ocrx_word' id='word_1_106' title='bbox 681 2083 718 2130; x_wconf 93' lang='lat' dir='ltr'>se</span> <span class='ocrx_word' id='word_1_107' title='bbox 735 2057 995 2156; x_wconf 83' lang='lat' dir='ltr'>-productura3</span> <span class='ocrx_word' id='word_1_108' title='bbox 1022 2073 1060 2130; x_wconf 91' lang='lat' dir='ltr'>at</span> <span class='ocrx_word' id='word_1_109' title='bbox 1081 2079 1172 2152; x_wconf 86' lang='lat' dir='ltr'>pro-</span> 
     </span>
     <span class='ocr_line' id='line_1_16' title="bbox 164 2173 1171 2274; baseline -0.004 -26"><span class='ocrx_word' id='word_1_110' title='bbox 164 2178 363 2249; x_wconf 85' lang='lat' dir='ltr'>ducturam</span> <span class='ocrx_word' id='word_1_111' title='bbox 384 2199 483 2262; x_wconf 89' lang='lat' dir='ltr'>esse,</span> <span class='ocrx_word' id='word_1_112' title='bbox 502 2175 569 2247; x_wconf 92' lang='lat' dir='ltr'>ubi</span> <span class='ocrx_word' id='word_1_113' title='bbox 593 2177 811 2248; x_wconf 88' lang='lat' dir='ltr'>constrictio</span> <span class='ocrx_word' id='word_1_114' title='bbox 838 2173 972 2248; x_wconf 89' lang='lat' dir='ltr'>eodem</span> <span class='ocrx_word' id='word_1_115' title='bbox 998 2190 1171 2274; x_wconf 90' lang='lat' dir='ltr'>tempore</span> 
     </span>
     <span class='ocr_line' id='line_1_17' title="bbox 164 2281 1217 2395; baseline 0.001 -32"><span class='ocrx_word' id='word_1_116' title='bbox 164 2294 317 2365; x_wconf 85' lang='lat' dir='ltr'>accedat</span> <span class='ocrx_word' id='word_1_117' title='bbox 338 2295 480 2395; x_wconf 84' lang='lat' dir='ltr'>arteriae</span> <span class='ocrx_word' id='word_1_118' title='bbox 498 2318 645 2392; x_wconf 87' lang='lat' dir='ltr'>asperae.</span> <span class='ocrx_word' id='word_1_119' title='bbox 668 2295 735 2365; x_wconf 87' lang='lat' dir='ltr'>Illa</span> <span class='ocrx_word' id='word_1_120' title='bbox 759 2295 859 2365; x_wconf 88' lang='lat' dir='ltr'>enim</span> <span class='ocrx_word' id='word_1_121' title='bbox 881 2294 1073 2391; x_wconf 85' lang='lat' dir='ltr'>sanguinis</span> <span class='ocrx_word' id='word_1_122' title='bbox 1101 2281 1171 2390; x_wconf 90' lang='lat' dir='ltr'>per</span> <span class='ocrx_word' id='word_1_123' title='bbox 1210 2379 1217 2390; x_wconf 25' lang='grc' dir='ltr'><strong><em>ι</em></strong></span> 
     </span>
     <span class='ocr_line' id='line_1_18' title="bbox 163 2397 1171 2508; baseline 0.003 -29"><span class='ocrx_word' id='word_1_124' title='bbox 163 2397 368 2480; x_wconf 70' lang='lat' dir='ltr'>cerebrum¹</span> <span class='ocrx_word' id='word_1_125' title='bbox 379 2410 590 2501; x_wconf 85' lang='lat' dir='ltr'>circulatio,</span> <span class='ocrx_word' id='word_1_126' title='bbox 608 2436 691 2508; x_wconf 87' lang='lat' dir='ltr'>quae</span> <span class='ocrx_word' id='word_1_127' title='bbox 706 2411 942 2484; x_wconf 63' lang='lat' dir='ltr'>carotidibus&#39;</span> <span class='ocrx_word' id='word_1_128' title='bbox 955 2411 1171 2500; x_wconf 69' lang='lat' dir='ltr'>arteriis-,et</span> 
     </span>
     <span class='ocr_line' id='line_1_19' title="bbox 160 2528 1174 2632; baseline 0.004 -34"><span class='ocrx_word' id='word_1_129' title='bbox 160 2528 396 2626; x_wconf 78' lang='lat' dir='ltr'>jugularibus</span> <span class='ocrx_word' id='word_1_130' title='bbox 417 2532 522 2603; x_wconf 82' lang='lat' dir='ltr'>venis</span> <span class='ocrx_word' id='word_1_131' title='bbox 550 2532 730 2604; x_wconf 90' lang='lat' dir='ltr'>omnibus</span> <span class='ocrx_word' id='word_1_132' title='bbox 750 2535 989 2632; x_wconf 89' lang='lat' dir='ltr'>compressis,</span> <span class='ocrx_word' id='word_1_133' title='bbox 1015 2534 1077 2602; x_wconf 81' lang='lat' dir='ltr'>vix</span> <span class='ocrx_word' id='word_1_134' title='bbox 1103 2555 1174 2630; x_wconf 87' lang='lat' dir='ltr'>per</span> 
     </span>
     <span class='ocr_line' id='line_1_20' title="bbox 163 2646 1174 2749; baseline 0.003 -32"><span class='ocrx_word' id='word_1_135' title='bbox 163 2646 392 2720; x_wconf 82' lang='lat' dir='ltr'>vertebrales</span> <span class='ocrx_word' id='word_1_136' title='bbox 411 2654 582 2741; x_wconf 86' lang='lat' dir='ltr'>arterias,</span> <span class='ocrx_word' id='word_1_137' title='bbox 600 2675 792 2749; x_wconf 90' lang='lat' dir='ltr'>venasque</span> <span class='ocrx_word' id='word_1_138' title='bbox 805 2652 946 2724; x_wconf 84' lang='lat' dir='ltr'>servari</span> <span class='ocrx_word' id='word_1_139' title='bbox 962 2650 1174 2748; x_wconf 88' lang='lat' dir='ltr'>quadante-</span> 
     </span>
     <span class='ocr_line' id='line_1_21' title="bbox 164 2768 1170 2867; baseline 0.005 -34"><span class='ocrx_word' id='word_1_140' title='bbox 164 2788 239 2834; x_wconf 90' lang='lat' dir='ltr'>nus</span> <span class='ocrx_word' id='word_1_141' title='bbox 256 2780 403 2861; x_wconf 84' lang='lat' dir='ltr'>potost;</span> <span class='ocrx_word' id='word_1_142' title='bbox 423 2770 453 2837; x_wconf 87' lang='lat' dir='ltr'>si</span> <span class='ocrx_word' id='word_1_143' title='bbox 470 2771 668 2866; x_wconf 91' lang='lat' dir='ltr'>respiratio</span> <span class='ocrx_word' id='word_1_144' title='bbox 692 2768 956 2867; x_wconf 89' lang='lat' dir='ltr'>prohibeatur,</span> <span class='ocrx_word' id='word_1_145' title='bbox 977 2768 1058 2865; x_wconf 88' lang='lat' dir='ltr'>ipsa</span> <span class='ocrx_word' id='word_1_146' title='bbox 1077 2792 1170 2864; x_wconf 87' lang='lat' dir='ltr'>quo·</span> 
     </span>
     <span class='ocr_line' id='line_1_22' title="bbox 164 2877 1171 2980; baseline 0.002 -29"><span class='ocrx_word' id='word_1_147' title='bbox 164 2906 241 2980; x_wconf 90' lang='lat' dir='ltr'>que</span> <span class='ocrx_word' id='word_1_148' title='bbox 266 2877 374 2953; x_wconf 82' lang='lat' dir='ltr'>facile</span> <span class='ocrx_word' id='word_1_149' title='bbox 397 2884 633 2980; x_wconf 89' lang='lat' dir='ltr'>prohibetur.</span> <span class='ocrx_word' id='word_1_150' title='bbox 660 2887 847 2957; x_wconf 87' lang='lat' dir='ltr'>Dilatante</span> <span class='ocrx_word' id='word_1_151' title='bbox 865 2887 967 2955; x_wconf 85' lang='lat' dir='ltr'>enim</span> <span class='ocrx_word' id='word_1_152' title='bbox 985 2909 1023 2956; x_wconf 90' lang='lat' dir='ltr'>se</span> <span class='ocrx_word' id='word_1_153' title='bbox 1043 2909 1128 2955; x_wconf 89' lang='lat' dir='ltr'>aere</span> <span class='ocrx_word' id='word_1_154' title='bbox 1151 2909 1171 2953; x_wconf 91' lang='lat' dir='ltr'>a</span> 
     </span>
     <span class='ocr_line' id='line_1_23' title="bbox 149 3000 1172 3098; baseline 0.003 -29"><span class='ocrx_word' id='word_1_155' title='bbox 149 3000 412 3098; x_wconf 89' lang='lat' dir='ltr'>pulmonibus</span> <span class='ocrx_word' id='word_1_156' title='bbox 429 3003 630 3073; x_wconf 84' lang='lat' dir='ltr'>novissime</span> <span class='ocrx_word' id='word_1_157' title='bbox 647 3001 799 3090; x_wconf 89' lang='lat' dir='ltr'>hausto,</span> <span class='ocrx_word' id='word_1_158' title='bbox 828 3016 864 3072; x_wconf 92' lang='lat' dir='ltr'>et</span> <span class='ocrx_word' id='word_1_159' title='bbox 880 3000 1062 3098; x_wconf 89' lang='lat' dir='ltr'>quoniam</span> <span class='ocrx_word' id='word_1_160' title='bbox 1080 3025 1100 3070; x_wconf 91' lang='lat' dir='ltr'>a</span> <span class='ocrx_word' id='word_1_161' title='bbox 1117 3025 1172 3072; x_wconf 87' lang='lat' dir='ltr'>ca·</span> 
     </span>
     <span class='ocr_line' id='line_1_24' title="bbox 165 3117 1171 3214; baseline 0.001 -26"><span class='ocrx_word' id='word_1_162' title='bbox 165 3117 244 3189; x_wconf 91' lang='lat' dir='ltr'>lido</span> <span class='ocrx_word' id='word_1_163' title='bbox 265 3144 310 3189; x_wconf 92' lang='lat' dir='ltr'>eo</span> <span class='ocrx_word' id='word_1_164' title='bbox 330 3119 414 3189; x_wconf 92' lang='lat' dir='ltr'>loco</span> <span class='ocrx_word' id='word_1_165' title='bbox 433 3119 510 3213; x_wconf 88' lang='lat' dir='ltr'>jam</span> <span class='ocrx_word' id='word_1_166' title='bbox 527 3117 667 3207; x_wconf 87' lang='lat' dir='ltr'>redire,</span> <span class='ocrx_word' id='word_1_167' title='bbox 689 3134 732 3190; x_wconf 92' lang='lat' dir='ltr'>nt</span> <span class='ocrx_word' id='word_1_168' title='bbox 749 3117 911 3206; x_wconf 86' lang='lat' dir='ltr'>solebat,</span> <span class='ocrx_word' id='word_1_169' title='bbox 930 3143 1007 3189; x_wconf 92' lang='lat' dir='ltr'>non</span> <span class='ocrx_word' id='word_1_170' title='bbox 1028 3133 1171 3214; x_wconf 87' lang='lat' dir='ltr'>potest,</span> 
     </span>
     <span class='ocr_line' id='line_1_25' title="bbox 162 3235 1172 3337; baseline 0.006 -33"><span class='ocrx_word' id='word_1_171' title='bbox 162 3235 322 3306; x_wconf 86' lang='lat' dir='ltr'>validius</span> <span class='ocrx_word' id='word_1_172' title='bbox 339 3236 494 3305; x_wconf 88' lang='lat' dir='ltr'>minima</span> <span class='ocrx_word' id='word_1_173' title='bbox 510 3237 659 3308; x_wconf 87' lang='lat' dir='ltr'>vascula</span> <span class='ocrx_word' id='word_1_174' title='bbox 681 3238 973 3337; x_wconf 85' lang='lat' dir='ltr'>comprimente,</span> <span class='ocrx_word' id='word_1_175' title='bbox 997 3262 1079 3335; x_wconf 89' lang='lat' dir='ltr'>quae</span> <span class='ocrx_word' id='word_1_176' title='bbox 1102 3263 1172 3337; x_wconf 91' lang='lat' dir='ltr'>per</span> 
     </span>
     <span class='ocr_line' id='line_1_26' title="bbox 165 3350 1172 3456; baseline 0.006 -34"><span class='ocrx_word' id='word_1_177' title='bbox 165 3376 230 3422; x_wconf 93' lang='lat' dir='ltr'>eos</span> <span class='ocrx_word' id='word_1_178' title='bbox 247 3357 467 3449; x_wconf 84' lang='lat' dir='ltr'>sanguinem</span> <span class='ocrx_word' id='word_1_179' title='bbox 479 3350 701 3441; x_wconf 85' lang='lat' dir='ltr'>traducunt,</span> <span class='ocrx_word' id='word_1_180' title='bbox 712 3352 886 3426; x_wconf 90' lang='lat' dir='ltr'>subsistat</span> <span class='ocrx_word' id='word_1_181' title='bbox 902 3354 964 3426; x_wconf 94' lang='lat' dir='ltr'>hic</span> <span class='ocrx_word' id='word_1_182' title='bbox 980 3354 1116 3456; x_wconf 85' lang='lat' dir='ltr'>magna</span> <span class='ocrx_word' id='word_1_183' title='bbox 1126 3382 1172 3428; x_wconf 84' lang='lat' dir='ltr'>ex</span> 
     </span>
     <span class='ocr_line' id='line_1_27' title="bbox 167 3469 1170 3568; baseline 0.008 -30"><span class='ocrx_word' id='word_1_184' title='bbox 167 3485 272 3566; x_wconf 89' lang='lat' dir='ltr'>parte</span> <span class='ocrx_word' id='word_1_185' title='bbox 298 3471 337 3539; x_wconf 86' lang='lat' dir='ltr'>in</span> <span class='ocrx_word' id='word_1_186' title='bbox 362 3469 623 3568; x_wconf 89' lang='lat' dir='ltr'>pulmonibus,</span> <span class='ocrx_word' id='word_1_187' title='bbox 648 3485 685 3542; x_wconf 93' lang='lat' dir='ltr'>et</span> <span class='ocrx_word' id='word_1_188' title='bbox 701 3472 915 3544; x_wconf 78' lang='lat' dir='ltr'>ventriculo</span> <span class='ocrx_word' id='word_1_189' title='bbox 935 3474 1058 3548; x_wconf 90' lang='lat' dir='ltr'>cordis</span> <span class='ocrx_word' id='word_1_190' title='bbox 1083 3475 1170 3546; x_wconf 90' lang='lat' dir='ltr'>dex-</span> 
     </span>
     <span class='ocr_line' id='line_1_28' title="bbox 167 3576 1172 3690; baseline 0.007 -33"><span class='ocrx_word' id='word_1_191' title='bbox 167 3601 269 3676; x_wconf 90' lang='lat' dir='ltr'>tero,</span> <span class='ocrx_word' id='word_1_192' title='bbox 290 3602 326 3659; x_wconf 93' lang='lat' dir='ltr'>et</span> <span class='ocrx_word' id='word_1_193' title='bbox 342 3613 437 3660; x_wconf 87' lang='lat' dir='ltr'>vena</span> <span class='ocrx_word' id='word_1_194' title='bbox 452 3611 556 3678; x_wconf 84' lang='lat' dir='ltr'>cava,</span> <span class='ocrx_word' id='word_1_195' title='bbox 570 3576 722 3661; x_wconf 81' lang='lat' dir='ltr'>necesse</span> <span class='ocrx_word' id='word_1_196' title='bbox 739 3604 810 3680; x_wconf 91' lang='lat' dir='ltr'>est;</span> <span class='ocrx_word' id='word_1_197' title='bbox 827 3606 869 3662; x_wconf 89' lang='lat' dir='ltr'>ut</span> <span class='ocrx_word' id='word_1_198' title='bbox 885 3615 1014 3690; x_wconf 87' lang='lat' dir='ltr'>reapse</span> <span class='ocrx_word' id='word_1_199' title='bbox 1031 3594 1071 3662; x_wconf 80' lang='lat' dir='ltr'>iri</span> <span class='ocrx_word' id='word_1_200' title='bbox 1091 3595 1172 3668; x_wconf 91' lang='lat' dir='ltr'>ani-</span> 
     </span>
    </p>
   </div>
   <div class='ocr_carea' id='block_1_3' title="bbox 171 3798 1168 3826">
    <p class='ocr_par' dir='ltr' id='par_1_3' title="bbox 171 3798 1168 3826">
     <span class='ocr_line' id='line_1_29' title="bbox 171 3798 1168 3826; baseline -0.025 -12"><span class='ocrx_word' id='word_1_201' title='bbox 171 3798 1168 3826; x_wconf 53' lang='grc' dir='ltr'>,Ἣ-</span> 
     </span>
    </p>
   </div>
   <div class='ocr_carea' id='block_1_4' title="bbox 207 3955 751 4040">
    <p class='ocr_par' dir='ltr' id='par_1_4' title="bbox 207 3955 751 4040">
     <span class='ocr_line' id='line_1_30' title="bbox 207 3955 751 4040; baseline 0.004 -23"><span class='ocrx_word' id='word_1_202' title='bbox 207 3955 251 4032; x_wconf 64' lang='lat'>(1)</span> <span class='ocrx_word' id='word_1_203' title='bbox 273 3959 400 4019; x_wconf 83' lang='lat' dir='ltr'>Exercit.</span> <span class='ocrx_word' id='word_1_204' title='bbox 414 3963 461 4020; x_wconf 90' lang='lat' dir='ltr'>cit.</span> <span class='ocrx_word' id='word_1_205' title='bbox 478 3983 582 4040; x_wconf 87' lang='lat' dir='ltr'>supra,</span> <span class='ocrx_word' id='word_1_206' title='bbox 602 3963 641 4020; x_wconf 87' lang='lat' dir='ltr'>ad</span> <span class='ocrx_word' id='word_1_207' title='bbox 656 3983 686 4019; x_wconf 87' lang='lat' dir='ltr'>n.</span> <span class='ocrx_word' id='word_1_208' title='bbox 704 3961 751 4020; x_wconf 82' lang='lat'>35.</span> 
     </span>
    </p>
   </div>
   <div class='ocr_carea' id='block_1_5' title="bbox 0 0 1349 4508">
    <p class='ocr_par' dir='ltr' id='par_1_5' title="bbox 0 0 1349 4508">
     <span class='ocr_line' id='line_1_31' title="bbox 0 0 1349 4508; baseline 0 0"><span class='ocrx_word' id='word_1_209' title='bbox 0 0 1349 4508; x_wconf 95' lang='lat' dir='ltr'> </span> 
     </span>
    </p>
   </div>
  </div>
 </body>
</html>
