<?xml version="1.0" encoding="UTF-8"?>
<!DOCTYPE html PUBLIC "-//W3C//DTD XHTML 1.0 Transitional//EN"
    "http://www.w3.org/TR/xhtml1/DTD/xhtml1-transitional.dtd">
<html xmlns="http://www.w3.org/1999/xhtml" xml:lang="en" lang="en">
 <head>
  <title>
</title>
<meta http-equiv="Content-Type" content="text/html;charset=utf-8" />
  <meta name='ocr-system' content='tesseract 3.04.00' />
  <meta name='ocr-capabilities' content='ocr_page ocr_carea ocr_par ocr_line ocrx_word'/>
</head>
<body>
  <div class='ocr_page' id='page_1' title='image "./desedibusetcaus00chaugoog_0380.png"; bbox 0 0 2812 4660; ppageno 0'>
   <div class='ocr_carea' id='block_1_1' title="bbox 138 419 1087 502">
    <p class='ocr_par' dir='ltr' id='par_1_1' title="bbox 138 419 1087 502">
     <span class='ocr_line' id='line_1_1' title="bbox 138 419 1087 502; baseline 0.005 -14"><span class='ocrx_word' id='word_1_1' title='bbox 138 442 203 488; x_wconf 76' lang='lat' dir='ltr'><strong>atr.</strong></span> <span class='ocrx_word' id='word_1_2' title='bbox 230 439 269 488; x_wconf 82' lang='grc' dir='ltr'><strong>ιι.</strong></span> <span class='ocrx_word' id='word_1_3' title='bbox 296 439 343 486; x_wconf 83' lang='lat' dir='ltr'><strong>nn</strong></span> <span class='ocrx_word' id='word_1_4' title='bbox 368 435 859 502; x_wconf 77' lang='lat' dir='ltr'><strong>nonrrsrnonac1s,nrtsr.</strong></span> <span class='ocrx_word' id='word_1_5' title='bbox 886 441 989 488; x_wconf 82' lang='lat' dir='ltr'><strong>xvut.</strong></span> <span class='ocrx_word' id='word_1_6' title='bbox 1018 419 1087 494; x_wconf 77' lang='lat'><strong>383</strong></span> 
     </span>
    </p>
   </div>
   <div class='ocr_carea' id='block_1_2' title="bbox 38 547 1165 3709">
    <p class='ocr_par' dir='ltr' id='par_1_2' title="bbox 38 547 1165 3709">
     <span class='ocr_line' id='line_1_2' title="bbox 95 547 1089 648; baseline 0.003 -24"><span class='ocrx_word' id='word_1_7' title='bbox 95 575 213 624; x_wconf 86' lang='lat' dir='ltr'><strong>cavam</strong></span> <span class='ocrx_word' id='word_1_8' title='bbox 233 550 456 648; x_wconf 83' lang='lat' dir='ltr'>repellatur,</span> <span class='ocrx_word' id='word_1_9' title='bbox 478 547 580 622; x_wconf 90' lang='lat' dir='ltr'><strong>unde</strong></span> <span class='ocrx_word' id='word_1_10' title='bbox 592 574 721 621; x_wconf 90' lang='lat' dir='ltr'><strong>carum</strong></span> <span class='ocrx_word' id='word_1_11' title='bbox 734 550 963 648; x_wconf 86' lang='lat' dir='ltr'><strong>jugularium</strong></span> <span class='ocrx_word' id='word_1_12' title='bbox 977 578 1089 643; x_wconf 83' lang='lat' dir='ltr'><strong>vena·</strong></span> 
     </span>
     <span class='ocr_line' id='line_1_3' title="bbox 94 668 1089 766; baseline 0.005 -26"><span class='ocrx_word' id='word_1_13' title='bbox 94 693 188 758; x_wconf 90' lang='lat' dir='ltr'><strong>rum,</strong></span> <span class='ocrx_word' id='word_1_14' title='bbox 214 694 295 766; x_wconf 84' lang='lat' dir='ltr'><strong>quae</strong></span> <span class='ocrx_word' id='word_1_15' title='bbox 313 683 474 742; x_wconf 76' lang='lat' dir='ltr'><strong>externa</strong></span> <span class='ocrx_word' id='word_1_16' title='bbox 495 691 579 739; x_wconf 87' lang='lat' dir='ltr'><strong>cum</strong></span> <span class='ocrx_word' id='word_1_17' title='bbox 603 668 693 750; x_wconf 84' lang='lat' dir='ltr'><strong>sint,</strong></span> <span class='ocrx_word' id='word_1_18' title='bbox 722 670 892 740; x_wconf 87' lang='lat' dir='ltr'><strong>omnium</strong></span> <span class='ocrx_word' id='word_1_19' title='bbox 914 671 1033 744; x_wconf 90' lang='lat' dir='ltr'><strong>oculis</strong></span> <span class='ocrx_word' id='word_1_20' title='bbox 1049 674 1089 745; x_wconf 89' lang='lat' dir='ltr'><strong>in</strong></span> 
     </span>
     <span class='ocr_line' id='line_1_4' title="bbox 95 784 1090 884; baseline 0.002 -26"><span class='ocrx_word' id='word_1_21' title='bbox 95 785 186 858; x_wconf 91' lang='lat' dir='ltr'><strong>collo</strong></span> <span class='ocrx_word' id='word_1_22' title='bbox 202 799 353 884; x_wconf 87' lang='lat' dir='ltr'><strong>patent,</strong></span> <span class='ocrx_word' id='word_1_23' title='bbox 368 785 574 884; x_wconf 88' lang='lat' dir='ltr'><strong>conspicua</strong></span> <span class='ocrx_word' id='word_1_24' title='bbox 583 784 762 872; x_wconf 88' lang='lat' dir='ltr'><strong>dilatatio,</strong></span> <span class='ocrx_word' id='word_1_25' title='bbox 777 801 813 857; x_wconf 89' lang='lat' dir='ltr'><strong>et</strong></span> <span class='ocrx_word' id='word_1_26' title='bbox 823 811 924 875; x_wconf 87' lang='lat' dir='ltr'><strong>mox,</strong></span> <span class='ocrx_word' id='word_1_27' title='bbox 941 811 978 860; x_wconf 86' lang='lat' dir='ltr'><strong>se</strong></span> <span class='ocrx_word' id='word_1_28' title='bbox 994 788 1090 861; x_wconf 85' lang='lat' dir='ltr'><strong>dila-</strong></span> 
     </span>
     <span class='ocr_line' id='line_1_5' title="bbox 94 899 1165 999; baseline 0.005 -25"><span class='ocrx_word' id='word_1_29' title='bbox 94 918 186 974; x_wconf 89' lang='lat' dir='ltr'><strong>tante</strong></span> <span class='ocrx_word' id='word_1_30' title='bbox 202 901 431 988; x_wconf 89' lang='lat' dir='ltr'><strong>ventriculo‚</strong></span> <span class='ocrx_word' id='word_1_31' title='bbox 451 925 521 999; x_wconf 90' lang='lat' dir='ltr'><strong>par</strong></span> <span class='ocrx_word' id='word_1_32' title='bbox 540 901 758 973; x_wconf 85' lang='lat' dir='ltr'>constrictio</span> <span class='ocrx_word' id='word_1_33' title='bbox 777 902 921 975; x_wconf 86' lang='lat' dir='ltr'><strong>alterne</strong></span> <span class='ocrx_word' id='word_1_34' title='bbox 941 907 1091 978; x_wconf 89' lang='lat' dir='ltr'><strong>contin·</strong></span> <span class='ocrx_word' id='word_1_35' title='bbox 1162 899 1165 905; x_wconf 12' lang='grc' dir='ltr'>λ</span> 
     </span>
     <span class='ocr_line' id='line_1_6' title="bbox 38 997 1089 1119; baseline 0.008 -30"><span class='ocrx_word' id='word_1_36' title='bbox 38 1029 42 1042; x_wconf 86' lang='grc'><em>“</em></span> <span class='ocrx_word' id='word_1_37' title='bbox 94 1033 187 1117; x_wconf 85' lang='lat' dir='ltr'><strong>gant,</strong></span> <span class='ocrx_word' id='word_1_38' title='bbox 211 1044 295 1119; x_wconf 88' lang='lat' dir='ltr'><strong>quae</strong></span> <span class='ocrx_word' id='word_1_39' title='bbox 313 1021 439 1091; x_wconf 92' lang='lat' dir='ltr'><strong>minus</strong></span> <span class='ocrx_word' id='word_1_40' title='bbox 458 1018 576 1090; x_wconf 85' lang='lat' dir='ltr'><strong>cautis</strong></span> <span class='ocrx_word' id='word_1_41' title='bbox 600 997 754 1088; x_wconf 82' lang='lat' dir='ltr'><strong>medicis</strong></span> <span class='ocrx_word' id='word_1_42' title='bbox 779 1043 848 1116; x_wconf 92' lang='lat' dir='ltr'><strong>pro</strong></span> <span class='ocrx_word' id='word_1_43' title='bbox 867 1022 1089 1096; x_wconf 86' lang='lat' dir='ltr'><strong>arteriarum</strong></span> 
     </span>
     <span class='ocr_line' id='line_1_7' title="bbox 92 1135 1088 1236; baseline 0.007 -30"><span class='ocrx_word' id='word_1_44' title='bbox 92 1137 538 1236; x_wconf 59' lang='lat' dir='ltr'><strong>carotidum&#39;pulsatione,</strong></span> <span class='ocrx_word' id='word_1_45' title='bbox 554 1149 590 1206; x_wconf 90' lang='lat' dir='ltr'><strong>et</strong></span> <span class='ocrx_word' id='word_1_46' title='bbox 605 1135 863 1208; x_wconf 89' lang='lat' dir='ltr'><strong>contractione</strong></span> <span class='ocrx_word' id='word_1_47' title='bbox 883 1137 1088 1236; x_wconf 89' lang='lat' dir='ltr'><strong>aliquando</strong></span> 
     </span>
     <span class='ocr_line' id='line_1_8' title="bbox 91 1253 1090 1352; baseline 0.008 -28"><span class='ocrx_word' id='word_1_48' title='bbox 91 1253 293 1352; x_wconf 84' lang='lat' dir='ltr'><strong>imponant.</strong></span> <span class='ocrx_word' id='word_1_49' title='bbox 318 1257 470 1344; x_wconf 75' lang='lat' dir='ltr'><strong>Quaeres</strong></span> <span class='ocrx_word' id='word_1_50' title='bbox 498 1254 611 1352; x_wconf 82' lang='lat' dir='ltr'><strong>igitur</strong></span> <span class='ocrx_word' id='word_1_51' title='bbox 634 1278 681 1324; x_wconf 84' lang='lat' dir='ltr'><strong>an</strong></span> <span class='ocrx_word' id='word_1_52' title='bbox 709 1253 870 1350; x_wconf 89' lang='lat' dir='ltr'><strong>pulsatio</strong></span> <span class='ocrx_word' id='word_1_53' title='bbox 896 1253 995 1346; x_wconf 74' lang='lat' dir='ltr'><strong>haic,</strong></span> <span class='ocrx_word' id='word_1_54' title='bbox 1021 1281 1090 1332; x_wconf 86' lang='lat' dir='ltr'><strong>seu</strong></span> 
     </span>
     <span class='ocr_line' id='line_1_9' title="bbox 92 1368 1090 1472; baseline 0.008 -30"><span class='ocrx_word' id='word_1_55' title='bbox 92 1369 281 1444; x_wconf 83' lang='lat' dir='ltr'><strong>fluctuatio</strong></span> <span class='ocrx_word' id='word_1_56' title='bbox 302 1373 535 1472; x_wconf 85' lang='lat' dir='ltr'><strong>jugularium</strong></span> <span class='ocrx_word' id='word_1_57' title='bbox 560 1395 742 1442; x_wconf 89' lang='lat' dir='ltr'><strong>venarum</strong></span> <span class='ocrx_word' id='word_1_58' title='bbox 764 1371 803 1441; x_wconf 91' lang='lat' dir='ltr'><strong>in</strong></span> <span class='ocrx_word' id='word_1_59' title='bbox 821 1372 865 1444; x_wconf 91' lang='lat' dir='ltr'><strong>iis</strong></span> <span class='ocrx_word' id='word_1_60' title='bbox 882 1368 1013 1464; x_wconf 82' lang='lat' dir='ltr'><strong>fuerit,</strong></span> <span class='ocrx_word' id='word_1_61' title='bbox 1043 1375 1090 1450; x_wconf 91' lang='lat' dir='ltr'><strong>de</strong></span> 
     </span>
     <span class='ocr_line' id='line_1_10' title="bbox 91 1489 1088 1592; baseline 0.006 -32"><span class='ocrx_word' id='word_1_62' title='bbox 91 1489 217 1586; x_wconf 89' lang='lat' dir='ltr'><strong>quibus</strong></span> <span class='ocrx_word' id='word_1_63' title='bbox 240 1489 360 1564; x_wconf 90' lang='lat' dir='ltr'><strong>modo</strong></span> <span class='ocrx_word' id='word_1_64' title='bbox 383 1491 526 1563; x_wconf 89' lang='lat' dir='ltr'><strong>dictum</strong></span> <span class='ocrx_word' id='word_1_65' title='bbox 553 1506 609 1562; x_wconf 89' lang='lat' dir='ltr'><strong>est</strong></span> <span class='ocrx_word' id='word_1_66' title='bbox 635 1517 643 1560; x_wconf 94' lang='lat'>:</span> <span class='ocrx_word' id='word_1_67' title='bbox 670 1503 734 1560; x_wconf 90' lang='lat' dir='ltr'><strong>aut</strong></span> <span class='ocrx_word' id='word_1_68' title='bbox 756 1489 884 1561; x_wconf 91' lang='lat' dir='ltr'><strong>sinon</strong></span> <span class='ocrx_word' id='word_1_69' title='bbox 913 1489 1000 1579; x_wconf 86' lang='lat' dir='ltr'><strong>fuit,</strong></span> <span class='ocrx_word' id='word_1_70' title='bbox 1021 1494 1088 1592; x_wconf 89' lang='lat' dir='ltr'><strong>qui</strong></span> 
     </span>
     <span class='ocr_line' id='line_1_11' title="bbox 91 1608 1087 1708; baseline 0.006 -30"><span class='ocrx_word' id='word_1_71' title='bbox 91 1609 198 1704; x_wconf 88' lang='lat' dir='ltr'><strong>possit</strong></span> <span class='ocrx_word' id='word_1_72' title='bbox 222 1609 341 1708; x_wconf 81' lang='lat' dir='ltr'><strong>igitur</strong></span> <span class='ocrx_word' id='word_1_73' title='bbox 363 1608 426 1680; x_wconf 92' lang='lat' dir='ltr'><strong>illa</strong></span> <span class='ocrx_word' id='word_1_74' title='bbox 444 1609 832 1708; x_wconf 72' lang='lat' dir='ltr'><strong>patlzognomom&#39;cttm</strong></span> <span class='ocrx_word' id='word_1_75' title='bbox 850 1613 994 1704; x_wconf 72' lang='lat' dir='ltr'><strong>signum</strong></span> <span class='ocrx_word' id='word_1_76' title='bbox 1013 1627 1087 1684; x_wconf 78' lang='lat' dir='ltr'><strong>me-</strong></span> 
     </span>
     <span class='ocr_line' id='line_1_12' title="bbox 93 1722 1089 1800; baseline 0.006 -6"><span class='ocrx_word' id='word_1_77' title='bbox 93 1731 157 1796; x_wconf 84' lang='lat' dir='ltr'><strong>rito</strong></span> <span class='ocrx_word' id='word_1_78' title='bbox 189 1725 267 1798; x_wconf 84' lang='lat' dir='ltr'><strong>dici</strong></span> <span class='ocrx_word' id='word_1_79' title='bbox 299 1726 528 1797; x_wconf 88' lang='lat' dir='ltr'><strong>dilatationis</strong></span> <span class='ocrx_word' id='word_1_80' title='bbox 549 1722 779 1796; x_wconf 48' lang='lat' dir='ltr'><strong>⁴dextrorum</strong></span> <span class='ocrx_word' id='word_1_81' title='bbox 818 1723 943 1794; x_wconf 88' lang='lat' dir='ltr'><strong>cordis</strong></span> <span class='ocrx_word' id='word_1_82' title='bbox 979 1751 1089 1800; x_wconf 78' lang='lat' dir='ltr'><strong>cavo·</strong></span> 
     </span>
     <span class='ocr_line' id='line_1_13' title="bbox 94 1837 1089 1942; baseline 0.008 -28"><span class='ocrx_word' id='word_1_83' title='bbox 94 1845 200 1915; x_wconf 80' lang='lat' dir='ltr'><strong>rum?</strong></span> <span class='ocrx_word' id='word_1_84' title='bbox 228 1849 308 1942; x_wconf 84' lang='lat' dir='ltr'><strong>Ego</strong></span> <span class='ocrx_word' id='word_1_85' title='bbox 330 1843 484 1914; x_wconf 82' lang='lat' dir='ltr'><strong>veroin</strong></span> <span class='ocrx_word' id='word_1_86' title='bbox 514 1840 588 1912; x_wconf 87' lang='lat' dir='ltr'><strong>illis</strong></span> <span class='ocrx_word' id='word_1_87' title='bbox 614 1837 746 1928; x_wconf 83' lang='lat' dir='ltr'><strong>luerit,</strong></span> <span class='ocrx_word' id='word_1_88' title='bbox 774 1865 822 1912; x_wconf 86' lang='lat' dir='ltr'><strong>an</strong></span> <span class='ocrx_word' id='word_1_89' title='bbox 852 1838 1013 1916; x_wconf 88' lang='lat' dir='ltr'><strong>defuerit</strong></span> <span class='ocrx_word' id='word_1_90' title='bbox 1045 1871 1089 1922; x_wconf 77' lang='lat' dir='ltr'><strong>ea</strong></span> 
     </span>
     <span class='ocr_line' id='line_1_14' title="bbox 93 1957 1085 2060; baseline 0.006 -28"><span class='ocrx_word' id='word_1_91' title='bbox 93 1959 265 2056; x_wconf 90' lang='lat' dir='ltr'><strong>pulsatio,</strong></span> <span class='ocrx_word' id='word_1_92' title='bbox 276 1986 347 2060; x_wconf 90' lang='lat' dir='ltr'><strong>pro</strong></span> <span class='ocrx_word' id='word_1_93' title='bbox 360 1974 465 2032; x_wconf 86' lang='lat' dir='ltr'><strong>certo</strong></span> <span class='ocrx_word' id='word_1_94' title='bbox 482 1957 608 2030; x_wconf 87' lang='lat' dir='ltr'><strong>dicere</strong></span> <span class='ocrx_word' id='word_1_95' title='bbox 621 1977 700 2028; x_wconf 88' lang='lat' dir='ltr'><strong>non</strong></span> <span class='ocrx_word' id='word_1_96' title='bbox 715 1981 886 2056; x_wconf 85' lang='lat' dir='ltr'><strong>possum,</strong></span> <span class='ocrx_word' id='word_1_97' title='bbox 904 1960 971 2056; x_wconf 90' lang='lat' dir='ltr'><strong>qui</strong></span> <span class='ocrx_word' id='word_1_98' title='bbox 984 1985 1085 2058; x_wconf 85' lang='lat' dir='ltr'><strong>pres·</strong></span> 
     </span>
     <span class='ocr_line' id='line_1_15' title="bbox 93 2075 1088 2177; baseline 0.002 -25"><span class='ocrx_word' id='word_1_99' title='bbox 93 2100 140 2167; x_wconf 88' lang='lat' dir='ltr'><strong>se,</strong></span> <span class='ocrx_word' id='word_1_100' title='bbox 164 2095 205 2151; x_wconf 90' lang='lat' dir='ltr'><strong>ut</strong></span> <span class='ocrx_word' id='word_1_101' title='bbox 228 2077 272 2149; x_wconf 87' lang='lat' dir='ltr'><strong>fit</strong></span> <span class='ocrx_word' id='word_1_102' title='bbox 293 2079 334 2148; x_wconf 91' lang='lat' dir='ltr'><strong>in</strong></span> <span class='ocrx_word' id='word_1_103' title='bbox 352 2076 573 2174; x_wconf 78' lang='lat' dir='ltr'><strong>colloquiis,</strong></span> <span class='ocrx_word' id='word_1_104' title='bbox 597 2097 743 2150; x_wconf 86' lang='lat' dir='ltr'><strong>summa</strong></span> <span class='ocrx_word' id='word_1_105' title='bbox 766 2075 945 2150; x_wconf 85' lang='lat' dir='ltr'><strong>duntaxat</strong></span> <span class='ocrx_word' id='word_1_106' title='bbox 965 2079 1088 2177; x_wconf 78' lang='lat' dir='ltr'><strong>capita</strong></span> 
     </span>
     <span class='ocr_line' id='line_1_16' title="bbox 92 2185 1124 2292; baseline 0.002 -26"><span class='ocrx_word' id='word_1_107' title='bbox 92 2218 218 2268; x_wconf 88' lang='lat' dir='ltr'><strong>eorum</strong></span> <span class='ocrx_word' id='word_1_108' title='bbox 240 2219 323 2292; x_wconf 76' lang='lat' dir='ltr'><strong>qua</strong></span> <span class='ocrx_word' id='word_1_109' title='bbox 349 2194 396 2266; x_wconf 90' lang='lat' dir='ltr'><strong>ad</strong></span> <span class='ocrx_word' id='word_1_110' title='bbox 420 2193 500 2266; x_wconf 86' lang='lat' dir='ltr'><strong>illas</strong></span> <span class='ocrx_word' id='word_1_111' title='bbox 524 2192 702 2265; x_wconf 89' lang='lat' dir='ltr'><strong>historias</strong></span> <span class='ocrx_word' id='word_1_112' title='bbox 726 2194 945 2285; x_wconf 84' lang='lat' dir='ltr'><strong>attinerent,</strong></span> <span class='ocrx_word' id='word_1_113' title='bbox 971 2221 991 2266; x_wconf 85' lang='lat' dir='ltr'><strong>a</strong></span> <span class='ocrx_word' id='word_1_114' title='bbox 1014 2195 1091 2274; x_wconf 74' lang='lat' dir='ltr'><strong>cla·-</strong></span> <span class='ocrx_word' id='word_1_115' title='bbox 1123 2185 1124 2190; x_wconf 6' lang='grc' dir='ltr'>ἵ</span> 
     </span>
     <span class='ocr_line' id='line_1_17' title="bbox 90 2309 1091 2411; baseline 0.002 -27"><span class='ocrx_word' id='word_1_116' title='bbox 90 2311 264 2400; x_wconf 90' lang='lat' dir='ltr'><strong>rissimis,</strong></span> <span class='ocrx_word' id='word_1_117' title='bbox 286 2327 541 2411; x_wconf 81' lang='lat' dir='ltr'><strong>spectataeque</strong></span> <span class='ocrx_word' id='word_1_118' title='bbox 567 2309 657 2386; x_wconf 85' lang='lat' dir='ltr'><strong>fidei</strong></span> <span class='ocrx_word' id='word_1_119' title='bbox 679 2312 768 2382; x_wconf 89' lang='lat' dir='ltr'><strong>viris</strong></span> <span class='ocrx_word' id='word_1_120' title='bbox 794 2315 1015 2410; x_wconf 84' lang='lat' dir='ltr'><strong>acceperim.</strong></span> <span class='ocrx_word' id='word_1_121' title='bbox 1042 2315 1091 2386; x_wconf 64' lang='lat' dir='ltr'><strong>Il·&#39;</strong></span> 
     </span>
     <span class='ocr_line' id='line_1_18' title="bbox 92 2427 1092 2526; baseline 0.007 -26"><span class='ocrx_word' id='word_1_122' title='bbox 92 2427 152 2502; x_wconf 91' lang='lat' dir='ltr'><strong>lud</strong></span> <span class='ocrx_word' id='word_1_123' title='bbox 170 2445 298 2500; x_wconf 85' lang='lat' dir='ltr'><strong>tamen</strong></span> <span class='ocrx_word' id='word_1_124' title='bbox 318 2455 397 2501; x_wconf 88' lang='lat' dir='ltr'><strong>non</strong></span> <span class='ocrx_word' id='word_1_125' title='bbox 416 2455 476 2500; x_wconf 92' lang='lat' dir='ltr'><strong>me</strong></span> <span class='ocrx_word' id='word_1_126' title='bbox 492 2429 580 2501; x_wconf 87' lang='lat' dir='ltr'><strong>latet</strong></span> <span class='ocrx_word' id='word_1_127' title='bbox 598 2428 704 2526; x_wconf 90' lang='lat' dir='ltr'><strong>quod</strong></span> <span class='ocrx_word' id='word_1_128' title='bbox 722 2453 792 2500; x_wconf 88' lang='lat' dir='ltr'><strong>nec</strong></span> <span class='ocrx_word' id='word_1_129' title='bbox 805 2431 1035 2521; x_wconf 88' lang='lat' dir='ltr'><strong>Lancisium,</strong></span> <span class='ocrx_word' id='word_1_130' title='bbox 1051 2433 1092 2508; x_wconf 84' lang='lat' dir='ltr'><strong>in</strong></span> 
     </span>
     <span class='ocr_line' id='line_1_19' title="bbox 93 2535 1092 2646; baseline 0.006 -30"><span class='ocrx_word' id='word_1_131' title='bbox 93 2535 209 2620; x_wconf 83' lang='lat' dir='ltr'><strong>nobili</strong></span> <span class='ocrx_word' id='word_1_132' title='bbox 221 2561 405 2635; x_wconf 88' lang='lat' dir='ltr'><strong>matrona,</strong></span> <span class='ocrx_word' id='word_1_133' title='bbox 422 2545 652 2641; x_wconf 75' lang='lat' dir='ltr'><strong>asthmaticis</strong></span> <span class='ocrx_word' id='word_1_134' title='bbox 666 2549 895 2646; x_wconf 85' lang='lat' dir='ltr'><strong>paroxysmis</strong></span> <span class='ocrx_word' id='word_1_135' title='bbox 909 2549 1092 2640; x_wconf 75' lang='lat' dir='ltr'><strong>obnoxia,</strong></span> 
     </span>
     <span class='ocr_line' id='line_1_20' title="bbox 93 2661 1091 2766; baseline 0.003 -28"><span class='ocrx_word' id='word_1_136' title='bbox 93 2663 129 2738; x_wconf 84' lang='lat' dir='ltr'><strong>&#39;tn</strong></span> <span class='ocrx_word' id='word_1_137' title='bbox 149 2689 222 2762; x_wconf 92' lang='lat' dir='ltr'><strong>qua</strong></span> <span class='ocrx_word' id='word_1_138' title='bbox 242 2687 391 2753; x_wconf 87' lang='lat' dir='ltr'><strong>earum,</strong></span> <span class='ocrx_word' id='word_1_139' title='bbox 406 2679 443 2736; x_wconf 91' lang='lat' dir='ltr'><strong>et</strong></span> <span class='ocrx_word' id='word_1_140' title='bbox 461 2661 709 2739; x_wconf 88' lang='lat' dir='ltr'><strong>brachialium</strong></span> <span class='ocrx_word' id='word_1_141' title='bbox 720 2680 896 2766; x_wconf 82' lang='lat' dir='ltr'><strong>praetcrea</strong></span> <span class='ocrx_word' id='word_1_142' title='bbox 908 2692 1091 2742; x_wconf 78' lang='lat' dir='ltr'><strong>venarum</strong></span> 
     </span>
     <span class='ocr_line' id='line_1_21' title="bbox 93 2779 1092 2885; baseline 0.008 -33"><span class='ocrx_word' id='word_1_143' title='bbox 93 2782 248 2877; x_wconf 86' lang='lat' dir='ltr'><strong>pulsatio</strong></span> <span class='ocrx_word' id='word_1_144' title='bbox 258 2779 436 2880; x_wconf 83' lang='lat' dir='ltr'><strong>frequens</strong></span> <span class='ocrx_word' id='word_1_145' title='bbox 445 2797 536 2870; x_wconf 88' lang='lat' dir='ltr'><strong>erat,</strong></span> <span class='ocrx_word' id='word_1_146' title='bbox 545 2783 1092 2885; x_wconf 85' lang='lat' dir='ltr'><strong>censuisscllombergium(t),</strong></span> 
     </span>
     <span class='ocr_line' id='line_1_22' title="bbox 95 2897 1093 2999; baseline 0.008 -33"><span class='ocrx_word' id='word_1_147' title='bbox 95 2897 475 2988; x_wconf 85' lang='lat' dir='ltr'><strong>vehementissimam,</strong></span> <span class='ocrx_word' id='word_1_148' title='bbox 501 2900 580 2972; x_wconf 82' lang='lat' dir='ltr'><strong>sine</strong></span> <span class='ocrx_word' id='word_1_149' title='bbox 596 2925 670 2997; x_wconf 88' lang='lat' dir='ltr'><strong>qua</strong></span> <span class='ocrx_word' id='word_1_150' title='bbox 688 2900 767 2972; x_wconf 76' lang='lat' dir='ltr'><strong>lime</strong></span> <span class='ocrx_word' id='word_1_151' title='bbox 783 2926 980 2999; x_wconf 89' lang='lat' dir='ltr'><strong>nunquam</strong></span> <span class='ocrx_word' id='word_1_152' title='bbox 1000 2905 1093 2976; x_wconf 86' lang='lat' dir='ltr'><strong>acci·</strong></span> 
     </span>
     <span class='ocr_line' id='line_1_23' title="bbox 96 3012 1093 3115; baseline 0.005 -29"><span class='ocrx_word' id='word_1_153' title='bbox 96 3012 221 3106; x_wconf 86' lang='lat' dir='ltr'><strong>debat,</strong></span> <span class='ocrx_word' id='word_1_154' title='bbox 240 3016 364 3090; x_wconf 87' lang='lat' dir='ltr'><strong>cordis</strong></span> <span class='ocrx_word' id='word_1_155' title='bbox 375 3016 678 3115; x_wconf 83' lang='lat' dir='ltr'><strong>palpitationem,</strong></span> <span class='ocrx_word' id='word_1_156' title='bbox 692 3015 774 3088; x_wconf 88' lang='lat' dir='ltr'><strong>illas</strong></span> <span class='ocrx_word' id='word_1_157' title='bbox 794 3018 949 3114; x_wconf 86' lang='lat' dir='ltr'><strong>quidem</strong></span> <span class='ocrx_word' id='word_1_158' title='bbox 963 3020 1093 3091; x_wconf 84' lang='lat' dir='ltr'><strong>valvu-</strong></span> 
     </span>
     <span class='ocr_line' id='line_1_24' title="bbox 96 3127 1091 3234; baseline 0.008 -34"><span class='ocrx_word' id='word_1_159' title='bbox 96 3127 161 3222; x_wconf 87' lang='lat' dir='ltr'><strong>las,</strong></span> <span class='ocrx_word' id='word_1_160' title='bbox 177 3134 207 3208; x_wconf 89' lang='lat' dir='ltr'><strong>si</strong></span> <span class='ocrx_word' id='word_1_161' title='bbox 225 3149 326 3208; x_wconf 89' lang='lat' dir='ltr'><strong>recte</strong></span> <span class='ocrx_word' id='word_1_162' title='bbox 341 3134 522 3234; x_wconf 78' lang='lat' dir='ltr'><strong>intellige,</strong></span> <span class='ocrx_word' id='word_1_163' title='bbox 535 3159 613 3234; x_wconf 86' lang='lat' dir='ltr'><strong>non</strong></span> <span class='ocrx_word' id='word_1_164' title='bbox 631 3132 835 3223; x_wconf 80' lang='lat' dir='ltr'><strong>diduxisse,</strong></span> <span class='ocrx_word' id='word_1_165' title='bbox 850 3135 915 3206; x_wconf 83' lang='lat' dir='ltr'><strong>scd</strong></span> <span class='ocrx_word' id='word_1_166' title='bbox 928 3161 975 3208; x_wconf 89' lang='lat' dir='ltr'><strong>eo</strong></span> <span class='ocrx_word' id='word_1_167' title='bbox 992 3135 1091 3208; x_wconf 83' lang='lat' dir='ltr'><strong>duu-</strong></span> 
     </span>
     <span class='ocr_line' id='line_1_25' title="bbox 99 3251 1092 3353; baseline 0.008 -34"><span class='ocrx_word' id='word_1_168' title='bbox 99 3262 190 3326; x_wconf 81' lang='lat' dir='ltr'><strong>taxat</strong></span> <span class='ocrx_word' id='word_1_169' title='bbox 203 3253 348 3351; x_wconf 90' lang='lat' dir='ltr'><strong>impetu</strong></span> <span class='ocrx_word' id='word_1_170' title='bbox 366 3268 574 3324; x_wconf 88' lang='lat' dir='ltr'><strong>extrorsum</strong></span> <span class='ocrx_word' id='word_1_171' title='bbox 594 3275 724 3324; x_wconf 81' lang='lat' dir='ltr'><strong>versus</strong></span> <span class='ocrx_word' id='word_1_172' title='bbox 743 3251 886 3326; x_wconf 88' lang='lat' dir='ltr'><strong>alterne</strong></span> <span class='ocrx_word' id='word_1_173' title='bbox 904 3255 1092 3353; x_wconf 85' lang='lat' dir='ltr'><strong>coegisse,</strong></span> 
     </span>
     <span class='ocr_line' id='line_1_26' title="bbox 99 3370 1094 3470; baseline 0.009 -32"><span class='ocrx_word' id='word_1_174' title='bbox 99 3381 136 3438; x_wconf 93' lang='lat' dir='ltr'><strong>ut</strong></span> <span class='ocrx_word' id='word_1_175' title='bbox 152 3371 192 3440; x_wconf 87' lang='lat' dir='ltr'><strong>in</strong></span> <span class='ocrx_word' id='word_1_176' title='bbox 217 3394 399 3442; x_wconf 85' lang='lat' dir='ltr'><strong>venarum</strong></span> <span class='ocrx_word' id='word_1_177' title='bbox 421 3371 642 3468; x_wconf 79' lang='lat' dir='ltr'><strong>sanguinem</strong></span> <span class='ocrx_word' id='word_1_178' title='bbox 662 3395 727 3444; x_wconf 87' lang='lat' dir='ltr'><strong>eos</strong></span> <span class='ocrx_word' id='word_1_179' title='bbox 747 3370 914 3470; x_wconf 81' lang='lat' dir='ltr'><strong>singulos</strong></span> <span class='ocrx_word' id='word_1_180' title='bbox 935 3395 1094 3448; x_wconf 79' lang='lat' dir='ltr'><strong>concus-</strong></span> 
     </span>
     <span class='ocr_line' id='line_1_27' title="bbox 101 3484 1142 3586; baseline 0.01 -32"><span class='ocrx_word' id='word_1_181' title='bbox 101 3503 157 3556; x_wconf 84' lang='lat' dir='ltr'><strong>sus</strong></span> <span class='ocrx_word' id='word_1_182' title='bbox 174 3484 419 3576; x_wconf 85' lang='lat' dir='ltr'><strong>tranferrent,</strong></span> <span class='ocrx_word' id='word_1_183' title='bbox 432 3501 538 3558; x_wconf 90' lang='lat' dir='ltr'><strong>tanto</strong></span> <span class='ocrx_word' id='word_1_184' title='bbox 551 3488 736 3584; x_wconf 85' lang='lat' dir='ltr'><strong>majores,</strong></span> <span class='ocrx_word' id='word_1_185' title='bbox 749 3503 893 3586; x_wconf 86' lang='lat' dir='ltr'><strong>quanto</strong></span> <span class='ocrx_word' id='word_1_186' title='bbox 905 3486 1095 3564; x_wconf 76' lang='lat' dir='ltr'><strong>difficilius</strong></span> <span class='ocrx_word' id='word_1_187' title='bbox 1138 3539 1142 3546; x_wconf 83' lang='lat'><em>·</em></span> 
     </span>
     <span class='ocr_line' id='line_1_28' title="bbox 101 3603 1094 3709; baseline 0.013 -40"><span class='ocrx_word' id='word_1_188' title='bbox 101 3604 264 3701; x_wconf 78' lang='lat' dir='ltr'><strong>sanguis,</strong></span> <span class='ocrx_word' id='word_1_189' title='bbox 281 3605 348 3702; x_wconf 88' lang='lat' dir='ltr'><strong>qui</strong></span> <span class='ocrx_word' id='word_1_190' title='bbox 366 3603 593 3676; x_wconf 78' lang='lat' dir='ltr'><strong>ventriculos</strong></span> <span class='ocrx_word' id='word_1_191' title='bbox 611 3603 719 3678; x_wconf 76' lang='lat' dir='ltr'><strong>valde</strong></span> <span class='ocrx_word' id='word_1_192' title='bbox 743 3603 962 3709; x_wconf 84' lang='lat' dir='ltr'><strong>dilataverat</strong></span> <span class='ocrx_word' id='word_1_193' title='bbox 976 3609 1016 3680; x_wconf 89' lang='lat' dir='ltr'><strong>in</strong></span> <span class='ocrx_word' id='word_1_194' title='bbox 1034 3633 1094 3682; x_wconf 77' lang='lat' dir='ltr'><strong>ar·</strong></span> 
     </span>
    </p>
   </div>
   <div class='ocr_carea' id='block_1_3' title="bbox 140 3949 801 4052">
    <p class='ocr_par' dir='ltr' id='par_1_3' title="bbox 140 3949 801 4052">
     <span class='ocr_line' id='line_1_29' title="bbox 140 3949 801 4052; baseline 0.009 -24"><span class='ocrx_word' id='word_1_195' title='bbox 140 3968 183 4052; x_wconf 85' lang='lat' dir='ltr'><strong>(t)</strong></span> <span class='ocrx_word' id='word_1_196' title='bbox 201 3949 340 4035; x_wconf 40' lang='lat' dir='ltr'><strong>Memssde</strong></span> <span class='ocrx_word' id='word_1_197' title='bbox 353 3976 466 4036; x_wconf 78' lang='lat' dir='ltr'><strong>l’Acad.</strong></span> <span class='ocrx_word' id='word_1_198' title='bbox 480 3977 513 4033; x_wconf 87' lang='lat' dir='ltr'><strong>R.</strong></span> <span class='ocrx_word' id='word_1_199' title='bbox 527 3976 578 4034; x_wconf 86' lang='lat' dir='ltr'><strong>des</strong></span> <span class='ocrx_word' id='word_1_200' title='bbox 590 3976 637 4038; x_wconf 87' lang='lat' dir='ltr'><strong>Sc.</strong></span> <span class='ocrx_word' id='word_1_201' title='bbox 650 3992 698 4040; x_wconf 68' lang='lat' dir='ltr'><strong>an..</strong></span> <span class='ocrx_word' id='word_1_202' title='bbox 713 3981 801 4052; x_wconf 74' lang='lat'><strong>¹7⁰4·</strong></span> 
     </span>
    </p>
   </div>
   <div class='ocr_carea' id='block_1_4' title="bbox 0 0 1415 4660">
    <p class='ocr_par' dir='ltr' id='par_1_4' title="bbox 0 0 1415 4660">
     <span class='ocr_line' id='line_1_30' title="bbox 0 0 1415 4660; baseline 0 0"><span class='ocrx_word' id='word_1_203' title='bbox 0 0 1415 4660; x_wconf 95' lang='lat' dir='ltr'><strong> </strong></span> 
     </span>
    </p>
   </div>
  </div>
 </body>
</html>
