2750 4658
305 427 377 506 253
468 451 516 500 oa
541 449 687 500 seorsus
712 447 906 498 encausta
932 447 1142 499 monacnum

303 591 367 641 sus
391 579 462 654 est,
478 563 644 636 dictante
661 559 863 661 Fallopio,
884 585 924 634 se
942 559 1204 661 descripsisse?
1222 567 1302 636 Cre·

302 682 480 756 didissem
498 680 644 781 potius,
665 681 738 752 nisi
758 704 842 778 quaa
860 675 1006 777 profert
1028 682 1223 769 Donatus,
1243 680 1302 754 ola

301 802 530 876 servationes
538 799 649 871 hasce
657 799 760 898 ipsas
769 795 1301 897 evidentissimedesignarent

301 917 391 992 alias
406 916 588 1018 quasdam
603 915 785 988 indicatas
802 913 851 986 ab
866 938 912 987 eo
927 937 1007 992 esse
1028 916 1301 988 Observationes

300 1041 536 1110 anatomicos
542 1087 553 1122 ,
574 1057 657 1132 quae
671 1031 719 1105 ab
736 1034 780 1104 iis
793 1032 862 1130 qui
879 1030 1136 1122 medicorum,
1151 1048 1302 1106 autana·
1365 1063 1367 1110 2

195 1183 197 1190 ’
298 1155 529 1230 tomicorutn
548 1153 686 1250 scripta
703 1164 921 1238 recensent,
934 1147 1028 1222 dum
1044 1147 1122 1224 lere
1138 1150 1208 1222 alii
1220 1152 1301 1224 alios

300 1270 542 1360 describunt,
565 1267 735 1341 Michino
756 1265 998 1355 tribuuntur,
1022 1268 1187 1340 Venetiis
1205 1268 1300 1342 edita

299 1411 402 1462 anno
421 1386 529 1478 1554,
541 1413 587 1461 eo
595 1409 733 1485 nempe
747 1409 849 1458 anno
862 1409 941 1484 quo
953 1385 1053 1458 inter
1065 1385 1227 1485 Fallopii
1236 1385 1297 1458 dis

298 1507 466 1606 cipulos,
478 1521 520 1578 ut
533 1529 645 1604 supra
664 1503 842 1593 vidimus,
857 1503 941 1594 hic,
958 1527 1038 1576 non
1057 1504 1297 1594 consecandi,

298 1625 365 1699 sed
387 1623 557 1699 discendi
579 1647 689 1696 causa
713 1619 934 1710 versabatur
954 1619 963 1692 1
991 1623 1039 1693 At
1061 1623 1166 1696 enim
1191 1621 1297 1696 disse-

297 1745 419 1816 cuisse
430 1744 555 1842 potuit
569 1756 687 1814 antea.
705 1745 873 1814 Fortasse
886 1740 1029 1838 potuit3
1046 1737 1112 1812 sed
1122 1765 1174 1812 ne
1186 1763 1296 1812 unum

297 1859 453 1959 quidem
472 1859 631 1932 verbum
652 1856 949 1932 animadvertere
968 1855 1063 1927 mihi
1079 1857 1190 1930 licuit
1210 1858 1297 1928 inter

199 1975 201 1988 ’
297 1999 341 2052 ea
362 1995 445 2075 quae
461 1977 618 2076 Fallopii
645 1975 783 2065 edidit,
804 1974 926 2047 autin
950 1971 1100 2073 praefixa
1125 1973 1296 2074 epistola,

295 2093 386 2180 data
397 2119 446 2165 ex
461 2093 699 2166 Florentiola
720 2098 759 2162 in
784 2098 963 2164 comitatu
984 2089 1208 2166 Placentino
1231 2094 1300 2164 ΧΗ

295 2212 367 2284 cal.
377 2209 700 2309 noaetnbrts1569,
710 2210 777 2284 ubi
788 2210 979 2283 medicum
991 2206 1149 2284 fortasse
1160 2209 1294 2310 agebat,

295 2354 375 2426 quo
401 2351 447 2400 ex
463 2326 582 2400 verbo
605 2329 860 2401 anatomicam
885 2325 1015 2414 fixisse,
1040 2327 1293 2427 intelligerem.

295 2445 470 2536 Quaeetsi
491 2446 542 2517 ita
561 2460 665 2536 sunt,
690 2433 824 2544 neque*
836 2471 1008 2545 unquam
1025 2445 1137 2535 mihi,
1155 2449 1234 2518 imo
1252 2472 1293 2518 ne

295 2561 551 2635 eruditissimo
562 2563 718 2661 quidem
732 2563 963 2663 Hallero(1),
976 2578 1018 2636 ut
1030 2563 1109 2636 haec
1120 2563 1293 2663 relegens,
1365 2657 1366 2662 ἵ

1365 379 1367 428 1

1366 431 1367 478 l

1366 487 1367 540 l

294 2680 481 2775 cognovi,
498 2680 589 2752 alias
608 2705 722 2780 quam
741 2681 808 2755 has
823 2681 998 2782 Fallopii,
1012 2681 1294 2754 eMichinoedi·

228 2844 230 2848 .
296 2809 352 2868 tas
379 2793 662 2872 observationes
681 2799 811 2873 videre
831 2800 1005 2900 contigit,
1028 2813 1093 2871 aut
1118 2801 1159 2870 in
1180 2823 1292 2872 unum

295 2913 461 3013 aliquem
479 2915 647 2988 incidere
664 2919 731 3015 qui
752 2917 929 3007 vidisset3
946 2941 1027 2990 non
1045 2933 1173 2990 tamen
1189 2941 1293 3016 prop-

295 3047 397 3106 terea
413 3057 493 3104 non
509 3031 627 3108 editas
646 3057 748 3123 esse,
766 3033 1004 3108 contendam.
1018 3036 1111 3107 Satis
1121 3033 1217 3105 mihi
1228 3049 1291 3121 est,

295 3149 386 3222 dum
396 3151 479 3249 ipso
491 3152 716 3250 astipulante
733 3152 922 3242 Michino,
935 3177 1002 3226 sua
1015 3151 1293 3226 assereremFal·

295 3265 401 3362 lopio
423 3282 573 3356 nostro,
592 3267 763 3366 quaedam
785 3271 980 3341 attinentia
1000 3269 1049 3341 ad
1067 3272 1208 3368 primas
1224 3267 1291 3338 hu-

292 3380 354 3476 jus
373 3406 530 3480 operum
549 3383 753 3474 editioneS,
774 3400 811 3459 et
829 3385 877 3458 ad
894 3401 1087 3459 anatomes
1103 3386 1290 3458 historiam

294 3498 475 3595 attigisse,
493 3525 576 3596 quae
591 3516 650 3590 te,
670 3503 868 3603 utriusque
887 3504 1115 3593 studiosum,
1132 3525 1292 3601 aproptr
1364 3597 1365 3602 ἵ

296 3613 367 3686 sito
381 3615 572 3715 paulisper
588 3617 817 3712 abductum,
837 3637 1052 3722 opportune
1072 3635 1290 3694 recrearent.
1364 3697 1365 3702 ,

332 3985 434 4066 (qula
450 3992 556 4046 Bocrh.
571 3989 665 4049 aeth.
684 3994 771 4054 stud.
784 3995 883 4066 Med„
900 4015 930 4072 p.
948 4015 1015 4068 7,s.
1031 3997 1060 4054 6.
