2842 4672
204 425 206 432 ν
255 407 331 456 ms.
358 407 384 456 1.
412 405 941 472 oruouurscsr1r1s,sr1sr.
968 408 1049 454 1111.
1112 383 1157 458 55

124 520 270 594 serbis
288 521 540 620 descripserat
556 519 833 618 Plempius(1)‚
849 536 889 592 tu
900 544 991 591 vero
1009 519 1162 618 subjec-

134 654 220 736 tum
242 639 354 738 leges
370 638 624 715 observationi
635 642 736 712 XXV
745 636 784 708 id
792 636 948 736 quidem
963 637 1004 708 in
1018 639 1160 714 leviore

127 757 245 840 ¹oculi
263 757 470 856 prolapsu,
499 779 568 830 seu
589 758 818 855 potiusnon
842 755 936 828 adeo
958 756 1161 830 immodica

133 889 247 946 extra
266 873 438 946 orbitam
458 875 713 974 prominentia
729 875 885 948 minime
907 877 1161 948 necessarium

134 1007 215 1079 est;
234 1017 333 1064 nam
350 993 499 1090 opticus
513 1017 653 1068 nervus
670 1017 749 1081 non
768 1009 896 1066 tensus
912 993 952 1062 in
965 992 1087 1066 orbita
1105 1019 1161 1068 se-

134 1109 321 1182 cundum
340 1125 533 1199 naturam,
553 1109 619 1184 sed
644 1112 694 1182 ita
721 1109 824 1182 laxus
843 1125 916 1198 est,
946 1125 989 1182 ut
1005 1112 1161 1184 oculum

137 1229 222 1300 sine
241 1228 484 1328 disruptione
503 1244 692 1327 quatenus
705 1227 886 1316 diximus,
906 1230 1011 1326 sequi
1030 1231 1159 1327 possit.

138 1345 257 1434 Quod
277 1371 370 1418 vero
389 1345 437 1416 ad
456 1345 762 1420 observationem
786 1349 927 1418 XXVII
946 1345 1098 1419 additur
1115 1373 1163 1420 ex

139 1455 1162 1564 Hildano',procidentiamquamdamoculiexplicante,

139 1604 225 1676 quae
240 1581 600 1683 vulnussupercilio
611 1579 797 1666 inflictum
809 1596 864 1672 ,et
877 1582 972 1656 male
986 1597 1163 1654 curatum

138 1699 351 1802 novissime
379 1715 513 1787 secuta,
532 1715 627 1788 erat,
655 1701 727 1782 nisi
751 1684 872 1772 multo
890 1701 998 1776 aliter
1016 1725 1059 1774 ac
1080 1701 1162 1800 ipse

143 1813 252 1906 fecis,
276 1841 337 1890 res
360 1833 593 1918 exponatur,
621 1842 702 1888 noo
719 1815 826 1889 facile
846 1819 1000 1915 probari
1025 1834 1161 1917 potest.

144 1935 240 2008 Nam
259 1934 367 2032 quod
379 1936 520 2008 vulnus
536 1936 578 2004 in
591 1935 719 2006 sinum
738 1932 940 2008 frontalem
964 1935 1164 2007 dexterum

141 2055 387 2148 pervenerit,
411 2051 595 2126 credibile
616 2067 693 2136 est:
711 2051 819 2150 quod
838 2067 963 2126 autem
981 2053 1164 2150 sanguine

147 2169 186 2240 in
204 2196 252 2242 eo
270 2172 356 2242 sinu
371 2169 582 2270 putrefacto
599 2184 702 2244 totus
719 2170 854 2252 oculus
872 2167 1040 2242 infectus
1051 2171 1097 2242 sit
1112 2170 1164 2244 oh

150 2289 339 2372 naturalia
344 2291 548 2382 foramina
569 2315 617 2360 eac
637 2291 859 2360 caritatibus
873 2293 952 2359 istis
969 2287 1024 2358 ad
1038 2285 1167 2362 oculos

143 2412 408 2500 penetrantia„
432 2407 518 2508 quis
537 2405 741 2495 concedat,
759 2405 831 2476 nisi
851 2403 920 2502 qui
937 2403 1000 2476 illa
1020 2429 1103 2502 quae
1117 2405 1166 2476 de

149 2521 340 2616 ejusmodi
355 2521 605 2620 foraminibus
616 2549 663 2596 ex
678 2521 934 2621 quorumdam
945 2503 1166 2622 opinatione

151 2641 267 2734 paulo
283 2638 373 2718 ante
383 2641 440 2740 (a)
456 2643 646 2740 attigeram
665 2665 907 2740 nequaquam
916 2639 1066 2713 dubitet
1077 2667 1166 2712 eum

152 2774 330 2832 anatome
346 2760 590 2835 consentire?
609 2760 645 2830 Si
663 2785 776 2858 quern
794 2759 936 2830 exitum
948 2757 988 2830 id
1000 2757 1089 2829 mali
1105 2757 1168 2830 ha·

151 2873 317 2967 linisset,
327 2892 394 2953 aut
407 2877 479 2968 ibi,
490 2893 555 2950 aut
567 2877 640 2965 alio
653 2879 739 2976 ,qui
753 2901 813 2948 me
826 2873 943 2974 fugit,
954 2877 1041 2951 loco
1053 2877 1168 2974 scrip-

155 2993 260 3070 sisset
276 2971 482 3084 Hildanus3
506 3019 691 3096 apparere
706 3009 852 3094 posset,
871 3019 921 3066 an
941 3019 1021 3064 non
1040 2994 1168 3090 potius

157 3113 271 3184 caries
298 3137 368 3210 per
390 3137 543 3188 osseum
567 3115 751 3212 parietem
770 3113 871 3183 inter
890 3110 1001 3181 illum
1021 3111 1169 3199 sinum,

155 3229 366 3318 oraculum
391 3225 632 3328 interjectum
656 3230 727 3304 sibi
747 3229 950 3329 pravisque
972 3225 1170 3302 iohoribus

156 3347 253 3431 uiam
277 3349 319 3419 in
349 3347 511 3428 orbitam
535 3349 754 3450 aperuisset.
788 3345 983 3421 Strabismi
1003 3345 1168 3444 denique

159 3488 231 3536 una
243 3465 349 3541 haud
359 3467 539 3569 amplius,
551 3468 768 3552 observatio
780 3465 834 3565 (3)
844 3467 1091 3566 proponitur,
1106 3489 1168 3536 ea·

166 3645 1177 3676 ..mmm-...-

122 3839 124 3844 .
200 3764 243 3842 (1)
265 3763 380 3842 ophth.
397 3771 418 3824 l.
436 3767 470 3841 ὅ,
490 3789 515 3826 c.
530 3771 578 3826 32.

198 3863 243 3941 (ι)
262 3867 332 3923 Vid.
347 3869 432 3924 Cent.
450 3867 483 3941 5,
501 3869 568 3925 obs.
587 3887 615 3925 1.

195 3967 249 4041 affl
270 3967 342 4024 ΟΜ.
358 3969 406 4039 37.
