2832 4662
321 513 393 591 580
486 537 533 583 nr
557 533 704 584 samans
728 535 773 582 rr
797 531 920 584 crusis
944 535 1154 588 nonnosum

317 648 484 726 thoracis
499 663 623 722 autern
636 648 787 720 sinistro
800 671 891 720 cavo
904 671 1031 722 serum
1043 649 1233 750 limpidum
1244 665 1304 724 sn·

316 765 457 866 gnabat
469 763 517 837 ad
531 764 640 853 duas,
654 787 777 862 eoque
787 765 967 864 amplius,
980 766 1113 840 libras:
1125 767 1296 840 dexterum

315 907 400 958 sero
419 884 576 982 plenum
597 897 677 955 erat
701 882 890 966 crassiori,
910 883 1019 978 cujus
1036 899 1161 982 partes
1188 885 1296 982 alique

314 1013 600 1086 concreverant,
617 1014 660 1070 ut
674 1021 836 1095 corpora
845 1001 952 1096 quasi
963 999 1252 1088 membranacea,
1265 1026 1295 1107 ip

314 1143 361 1192 co
381 1118 608 1204 innatantia,
633 1117 895 1188 mentirentur.
924 1121 1041 1188 Erant
1061 1119 1252 1216 pulmones
1278 1141 1294 1186 a

311 1235 444 1336 pleura
463 1232 618 1332 quidem
635 1233 768 1323 soluti;
784 1231 850 1306 sed
863 1231 1013 1320 dexter,
1028 1237 1198 1332 quamvis
1212 1232 1293 1304 mole

309 1377 391 1426 non
410 1352 506 1424 adeo
524 1365 653 1438 aucta,
676 1364 780 1422 totus
796 1365 921 1422 tamen
945 1350 993 1422 ab
1018 1350 1291 1423 inflammatione

308 1468 418 1542 valde
440 1469 671 1541 indmuerat
702 1467 955 1540 Pericardium
979 1469 1099 1567 magis
1123 1493 1230 1568 quam
1247 1491 1292 1540 so

307 1587 401 1676 leat,
416 1586 605 1684 amplum,
624 1607 708 1656 sero
730 1608 807 1682 quo
826 1585 1012 1682 repletum
1029 1601 1130 1672 erat,
1155 1588 1205 1658 sic
1219 1584 1289 1656 dila·

307 1719 421 1778 tante.
440 1708 591 1776 Dexter·
609 1700 736 1774 cordis
760 1700 994 1775 ventriculus
1015 1719 1153 1801 praeter
1170 1701 1288 1776 medio·

304 1845 410 1896 crem
424 1822 646 1920 polyposam
655 1818 955 1909 concretionem,
976 1821 1159 1918 sanguine
1179 1841 1289 1916 corgu-

306 1940 384 2012 lato
401 1939 550 2037 plenus,
568 1963 591 2009 a
608 1960 685 2034 quo
699 1937 874 2034 proxima
889 1935 1056 2010 auricula
1069 1937 1179 2010 valde
1188 1951 1288 2033 turge-

305 2053 383 2129 bat.
402 2052 595 2151 Ejusmodi
610 2053 779 2151 sanguis,
803 2051 870 2124 sed
889 2053 1028 2124 minori
1046 2055 1174 2153 copia,
1198 2055 1232 2124 in
1252 2049 1287 2123 si·
1377 2077 1378 2128 3

304 2174 425 2246 nistro
439 2195 594 2270 quoque
607 2167 678 2242 fuit
693 2170 916 2242 ventriculo.
1377 2143 1378 2170 ¹

355 2288 413 2361 δι.
439 2271 552 2379 Quod
577 2286 754 2360 Valsalvae
769 2287 842 2386 ipsi
861 2285 1015 2377 accidit,
1034 2301 1144 2362 tanto
1166 2284 1285 2359 facilius

304 2403 497 2505 plerisque
513 2406 594 2477 aliis
611 2406 794 2504 potuisset
813 2402 1002 2492 accidere,
1023 2420 1067 2476 ut
1087 2405 1226 2505 hepatis
1241 2401 1284 2470 in·

302 2521 596 2594 flammationem
615 2546 715 2611 esse,
731 2518 946 2610 crederent,
964 2545 1047 2618 quae
1062 2537 1146 2594 erat
1161 2521 1284 2620 pulmo·

303 2641 383 2727 nis,
404 2640 513 2710 sicuti
531 2638 693 2710 vicissim
716 2637 893 2736 pluribus
917 2637 1098 2713 accidisse
1118 2641 1282 2721 novimus,

304 2770 348 2827 ut
372 2779 455 2852 quae
478 2769 557 2828 erat
579 2753 744 2852 hepatis,
762 2756 956 2853 pulmonis
979 2770 1046 2828 aut
1070 2758 1208 2857 pleurae
1221 2773 1281 2824 esse

302 2873 571 2961 existimarent,
581 2871 794 2968 cujusmodi
804 2869 976 2970 exempla
987 2871 1108 2948 habes
1120 2873 1182 2945 hic
1192 2873 1227 2942 in
1238 2873 1282 2940 Se

300 2988 502 3089 pulchreto
510 2989 773 3061 observatione
780 2991 934 3062 xxxvl
942 2973 1055 3088 quam
1067 2991 1280 3089 potissimum

299 3108 447 3195 indico,
459 3121 502 3178 ut
517 3106 660 3195 videas,
675 3129 759 3204 quae
772 3106 878 3202 signa
892 3107 933 3176 in
952 3130 1016 3196 ea,
1034 3122 1214 3206 ⁴tanquam
1227 3101 1279 3172 he·

298 3228 396 3324 patis
413 3223 632 3322 peculiaria,
645 3237 937 3311 enumerantur,
956 3248 1096 3322 magna
1113 3240 1230 3296 tamen
1244 3239 1278 3288 ex

298 3357 404 3440 parte
421 3344 461 3410 in
481 3340 677 3438 proposito
695 3363 849 3437 quoque
868 3339 1006 3413 clerico
1028 3365 1110 3414 non
1130 3337 1275 3414 defirisse·

297 3457 403 3528 Adeo
420 3459 461 3528 in
476 3453 784 3529 medicinafacile
799 3470 855 3528 est
872 3481 941 3554 per
954 3482 998 3529 ea
1013 3458 1096 3556 ipsa
1111 3455 1274 3530 interdum

299 3574 444 3671 decipi,
468 3598 550 3670 quae
566 3572 686 3646 facere
706 3571 883 3644 ridentur
901 3572 950 3645 ad
974 3575 1151 3648 vitandas
1161 3573 1275 3666 decep·

294 3687 435 3766 tiones!
456 3689 693 3763 Accedebant
719 3691 760 3760 in
784 3691 921 3762 clerico
940 3716 1023 3788 quae
1045 3717 1067 3765 a
1086 3685 1273 3790 praegressis

295 3807 440 3881 morbis
453 3807 583 3878 relicta
596 3820 720 3878 erant:
734 3821 776 3881 ut
791 3807 823 3878 si
840 3807 926 3904 quis
938 3808 1139 3903 conjuncta
1152 3815 1272 3905 specta·

295 3940 354 3996 ret
372 3949 458 3997 cum
477 3926 522 3996 iis
537 3949 620 4021 qua
633 3924 833 3996 novissime
852 3925 1089 4022 ingmerant,
1100 3923 1214 3996 multo
1229 3913 1270 3986 fa·

295 4042 401 4116 cilius
430 4054 557 4141 posset
580 4039 667 4114 falli.
687 4042 918 4132 Quinetiam
940 4041 1011 4116 alia
1032 4067 1113 4144 quae
1128 4039 1174 4117 ad
1192 4031 1268 4108 desi·
