2832 4662
295 447 366 519 518
462 469 508 514 na
536 464 681 514 sunsaus
706 464 751 521 nr
775 463 899 512 cauus
925 464 1135 515 uouaonuu

292 571 433 670 fuerat,
452 605 538 656 cum
558 603 693 676 aquam
716 577 928 650 contineret
948 567 1123 674 paucamss
1152 578 1307 656 alterius

291 716 479 798 ,erataqna
492 695 987 796 maximedisteutus‚quam
1005 696 1231 794 priusquam
1244 723 1306 771 ue-

292 820 369 896 eari
385 819 595 915 jussissem,
611 829 711 886 certe
724 837 805 886 non
822 829 1035 912 potaverat:
1059 829 1221 914 utraque
1239 841 1303 888 au-

290 953 368 1026 tem
391 950 543 1033 arrepto
563 934 681 1030 capite
701 931 746 1007 ud
768 957 829 1012 me
853 931 1072 1006 dissecanda
1093 932 1207 1007 allata
1233 949 1305 1022 est;

263 1058 265 1064 ’
292 1080 342 1128 ne
357 1051 453 1130 forte
470 1079 515 1123 ex
540 1053 669 1150 pr'unae
690 1050 900 1122 ventriculo
923 1048 1118 1127 refluxisse
1139 1050 1302 1150 aliquid,

290 1187 339 1254 tu
358 1195 530 1269 quoque,
548 1184 589 1240 ut
609 1169 763 1266 plurimi
783 1167 917 1254 solent,
932 1168 1147 1264 suspiceris.
1166 1169 1303 1240 Eadem

297 1313 452 1387 quoqne
470 1287 645 1358 cautione
656 1301 823 1383 arreptas
833 1283 924 1361 feles
936 1285 1025 1363 alias
1038 1285 1134 1360 duas
1144 1310 1306 1384 perpau-

295 1431 428 1479 corum
451 1405 621 1490 dierum,
646 1429 729 1502 quae
745 1403 797 1484 ad,
807 1404 982 1476 eumdem
1003 1405 1132 1475 occisae
1156 1402 1304 1481 fueraut

294 1523 469 1612 modum,
489 1547 575 1594 curn
591 1522 833 1611 dissecarem,
853 1547 1016 1620 aqueum
1032 1523 1073 1594 iu
1092 1523 1305 1597 ventriculo

294 1642 491 1738 utriusque
503 1640 703 1713 humorem
715 1639 791 1712 vidi
803 1664 880 1718 non
892 1641 940 1710 ita
951 1662 1132 1738 paucum,
1147 1641 1302 1712 multam

294 1771 419 1831 autent
431 1757 552 1833 albam
569 1739 727 1856 aqueum
739 1782 909 1855 spumam
922 1758 968 1830 de
983 1757 1237 1856 pulmonibus
1250 1783 1301 1828 ex·
1396 1845 1397 1848 Ἴ

293 1878 422 1975 pressi.
435 1878 608 1972 Denique
619 1873 709 1948 fetes
723 1890 903 1972 quatuor,
919 1875 1036 1948 editas
1051 1890 1165 1946 nocte
1180 1876 1302 1973 proxi·

295 2019 371 2080 tna,
384 1994 452 2064 etsi
467 2010 509 2064 ut
522 1994 703 2091 capienda
720 1993 889 2090 qrraedam
904 1992 1147 2092 postulabant
1165 1993 1301 2090 experi-

295 2127 441 2200 menta,
460 2110 587 2184 lassari
603 2114 731 2210 potius
747 2113 785 2182 in
803 2135 900 2210 aqua
916 2110 1180 2200 vehementer,
1192 2136 1298 2208 quam

293 2227 489 2318 suffocari,
503 2230 716 2326 jussissem3
738 2228 848 2302 velim
870 2245 996 2302 tamen
1017 2230 1111 2304 setas
1132 2230 1296 2300 omnium

295 2332 549 2418 ventriculum
566 2347 612 2418 ad
636 2349 828 2445 ingentem
847 2348 1096 2445 proportione
1116 2348 1297 2445 maguitu·
1395 2387 1396 2398 κ

295 2464 422 2552 dinem
444 2464 630 2536 tumidum
648 2463 759 2538 fuisse
776 2489 899 2562 pauco
915 2463 1071 2562 quidem
1085 2465 1186 2542 lacre
1200 2443 1299 2541 senri-

293 2598 494 2668 ooncreto‚
513 2583 675 2678 plurima
695 2599 820 2658 autem
837 2608 944 2681 aqua.

345 2699 402 2786 43.
422 2699 475 2770 Ex
489 2702 634 2772 cunctis
655 2703 859 2800 propositis
878 2699 1230 2790 obseruationibus,
1247 2701 1297 2772 in·
1387 2678 1392 2693 .

294 2827 352 2892 ter
369 2840 407 2888 se
426 2819 670 2914 comparatis,
688 2819 728 2894 id
754 2820 920 2917 primum
939 2819 1081 2916 liquet,
1102 2844 1185 2894 nou
1206 2818 1298 2891 rnul-

294 2947 375 3024 tum
392 2934 557 3032 denique
573 2936 654 3033 opis
671 2935 718 3007 ab
734 2952 866 3035 aperto
880 2962 959 3008 nou
979 2935 1096 3008 ruodo
1116 2934 1297 3014 foramine

293 3053 407 3142 orati,
427 3053 492 3124 sed
510 3068 547 3124 et
565 3053 700 3124 tubulo
721 3055 902 3132 arterioso
928 3052 1208 3151 expectandum
1226 3077 1298 3124 esse
1394 3145 1395 3148 Ἴ

296 3170 342 3241 ad
363 3168 648 3242 suffocationem
667 3169 943 3269 effugiendam:
966 3187 1046 3242 tum
1066 3171 1208 3244 deinde
1225 3170 1299 3246 feli-

293 3287 368 3362 bus
387 3312 519 3360 recens
536 3287 687 3385 quidem
704 3290 800 3361 natis
820 3315 898 3362 non
915 3313 1073 3388 paucam
1092 3290 1133 3360 iu
1149 3289 1298 3387 pulmo-
1394 3381 1395 3384 Ἴ

294 3428 363 3478 nes
377 3429 535 3502 aquam,
556 3430 650 3506 saepe
674 3407 785 3478 etiam
808 3407 962 3478 multam
982 3409 1022 3477 in
1047 3407 1297 3480 ventriculum
1394 3423 1395 3426 ’

296 3519 1299 3623 descendisse;cumadultispluribusanimalibusneu·

295 3650 395 3708 trum
410 3636 486 3710 fere
497 3641 682 3714 acciderit.
696 3647 741 3712 Et
752 3667 842 3714 vero
851 3639 1161 3738 Littrius(1)cum
1171 3640 1297 3738 plures

293 3851 1294 3880 *mmm-...a-

335 4008 377 4087 ξι)
398 4012 474 4072 Hist.
488 4013 536 4070 cit.
551 4033 654 4091 supra,
668 4018 707 4074 ad
720 4035 750 4074 n.
766 4023 819 4090 40,
833 4036 882 4077 au.
898 4035 982 4093 1719·
