2812 4660
289 429 361 515 364
435 453 481 497 or
508 451 652 500 sumnus
677 453 721 497 rr
746 449 869 500 cansrs
894 451 1106 500 nonronnn

288 559 493 634 admodum
508 588 621 661 supra
634 564 839 635 indicatum
852 579 924 651 est,
934 565 1201 661 quadantenus
1213 587 1300 662 prae·

291 696 550 768 monstrasset,
569 683 743 752 translata
762 683 841 778 ipsa
859 707 927 778 per
944 683 1156 753 Valsalvam
1171 681 1222 752 ab
1238 708 1299 752 ex·

292 799 553 870 terioribusad
568 800 747 870 interiora
757 814 1017 894 aneurysmata
1025 799 1147 870 videri
1158 813 1296 896 posset.

342 917 399 987 31.
421 920 507 987 Non
525 941 608 986 sum
628 917 787 1004 nesciuS,
803 915 882 986 fore
900 917 1036 1012 plures,
1052 916 1299 1012 quibusmul-

295 1049 335 1106 to
364 1035 513 1131 gravior
535 1034 712 1104 Valsalvae
743 1036 903 1120 curatio,
932 1060 1045 1130 quam
1073 1058 1301 1130 aneurysma

293 1176 402 1224 suum
412 1150 594 1236 videatur,
603 1176 648 1221 eo
660 1152 863 1247 praesertim
873 1164 1042 1248 tempore
1056 1175 1135 1246 quo
1145 1151 1212 1222 illa
1221 1175 1299 1222 esse

295 1269 397 1339 utilis
424 1281 569 1364 posset3
600 1266 694 1338 levia
716 1269 817 1338 enim
838 1283 928 1338 tunc
948 1268 1214 1356 incommoda,
1235 1293 1299 1338 ne·

296 1409 370 1481 que
387 1385 529 1456 instans
546 1383 669 1454 adhuc
689 1385 899 1482 periculum
918 1384 988 1456 sibi
1006 1409 1123 1482 aegros
1143 1388 1184 1456 in
1200 1410 1300 1456 mor·

296 1502 370 1592 bc,
396 1525 509 1600 quem
536 1527 614 1572 nou
638 1502 786 1590 vident,
818 1502 983 1573 blandiri
1011 1503 1160 1588 sinunt,
1189 1487 1300 1598 longe

297 1619 404 1690 aliter
431 1643 605 1691 sensuros
638 1645 723 1692 cum
753 1646 798 1690 eo
830 1645 889 1692 res
913 1619 1073 1691 deducta
1097 1618 1234 1706 fuerit,
1262 1633 1302 1688 ut

299 1762 424 1834 neque
454 1739 674 1834 gravissimae
698 1738 927 1833 assiduaeque
947 1737 1145 1823 molestiae,
1176 1759 1302 1832 neque

297 1878 400 1925 mors
420 1856 499 1952 ipsa
514 1856 553 1924 in
572 1856 733 1952 singulas
750 1855 863 1926 horas
875 1853 1113 1951 impendens,
1130 1854 1214 1923 ullo
1228 1877 1301 1922 am·

244 2059 245 2062 ¹
298 1972 396 2069 plius
424 1971 594 2070 praesidio
619 1974 726 2044 vitari
751 1988 901 2070 queant.
930 1973 1004 2062 Qui
1028 1972 1130 2042 illam
1151 1973 1192 2040 in
1220 1969 1302 2042 cibo

299 2091 588 2186 parcimoniam,
608 2115 692 2160 cum
716 2115 845 2161 sanare
867 2105 1031 2187 poterat,
1050 2087 1148 2160 ferre
1173 2089 1301 2158 nolue-

299 2222 403 2296 rant,
422 2207 584 2278 inediam
604 2206 807 2303 aliquando
830 2223 1054 2295 extremam,
1074 2221 1117 2277 ut
1131 2205 1302 2303 proposi·

299 2337 337 2393 ta
355 2324 491 2402 mulier
513 2323 589 2420 (Ι),
611 2326 687 2421 pati
711 2321 917 2422 coguntur,
936 2351 1019 2420 queo
1039 2349 1119 2393 non
1145 2325 1302 2396 salutem

301 2437 448 2528 afferat,
467 2440 530 2511 sed
551 2456 710 2512 mortem
726 2443 870 2538 potius,
887 2444 1027 2540 quippe
1045 2439 1302 2512 infirmissimo

302 2555 558 2653 exhaustoque
567 2559 642 2653 jam
652 2583 825 2656 corpore,
836 2560 1027 2630 acceleret.
1041 2557 1099 2629 Ob
1117 2559 1304 2630 eamdem-

303 2699 378 2771 que
404 2673 677 2765 infirmitatem,
704 2691 741 2747 et
763 2678 954 2774 sanguinis
971 2678 1224 2774 paucitatem,
1249 2701 1304 2754 ve·

263 2798 267 2814 “
304 2815 440 2862 narum
460 2794 658 2884 sectiones,
686 2819 768 2891 quae
793 2796 1025 2892 intempore
1050 2795 1236 2866 auxilium
1253 2811 1304 2867 tu·

303 2909 445 2998 lissent,
463 2913 574 2982 exitio
590 2928 686 2984 sunt.
704 2918 861 3004 Contra,
880 2928 1065 3010 quantum
1079 2912 1156 2998 hee,
1174 2928 1213 2984 et
1224 2938 1303 3010 par·

305 3028 467 3100 cimonia
497 3029 559 3100 illa
584 3030 691 3101 initio
718 3034 881 3127 possint,
907 3031 1000 3100 nihil
1030 3031 1167 3128 magiS,
1195 3053 1304 3127 quam

304 3161 549 3243 utrarumque
569 3146 733 3222 ostendit
752 3148 890 3220 utilitas
903 3147 1180 3235 medicisnota,
1202 3149 1232 3219 si
1250 3146 1304 3216 vel

306 3263 498 3336 moderate
514 3264 561 3334 ad
577 3267 847 3361 aneurysmatis
859 3265 937 3360 jam
954 3264 1058 3353 facti,
1075 3266 1243 3336 necdum
1255 3279 1306 3336 ta-

307 3405 395 3450 men
414 3383 526 3454 nimis
540 3384 728 3478 provecti,
746 3383 992 3454 retardandos
1011 3407 1253 3481 progressus,
1270 3384 1306 3450 in

308 3521 417 3567 usum
440 3499 645 3569 trahantur.
677 3500 749 3570 Sed
782 3526 896 3571 anum
920 3526 989 3600 ego
1014 3503 1193 3572 Bononiae
1220 3500 1307 3585 vidi,

309 3628 390 3712 quae
405 3613 454 3684 ob
468 3640 616 3712 gravem
632 3619 831 3688 oculorum
844 3617 1180 3706 inflammationem
1195 3620 1235 3688 in
1246 3642 1306 3687 uo

310 3733 525 3804 socomium
543 3750 695 3831 excepta
719 3734 849 3808 fuerat.
873 3741 973 3808 Cum
1003 3735 1305 3834 pulsusplenos,

353 3987 395 4065 (ι)
417 3989 530 4063 Supra,
547 4007 577 4042 n.
593 3986 639 4043 25.
