2812 4660
121 449 184 496 nra.
211 448 251 495 11.
279 450 326 502 oa
348 447 495 500 morare.
515 446 707 512 rnorrcrs,
731 449 842 498 nrrsr.
866 452 969 497 xvnr.
998 425 1067 524 395

123 564 173 641 13.
199 564 271 640 Sed
300 589 349 642 ne
374 561 627 644 forte'‚credas
657 562 818 638 oblitum
840 564 981 636 interea
1008 591 1067 638 me

76 708 147 762 ease
165 685 435 782 promissarum
451 681 505 778 (ι)
522 681 845 768 observationum,
865 707 908 758 ex
931 683 1069 779 quibua

75 803 237 880 videlicet
248 803 453 899 intelligas,
469 825 548 876 uon
565 824 651 878 raro
664 801 861 889 accidisse,
881 816 920 876 ut
931 801 1069 898 quibus

74 947 135 996 cor
150 921 346 998 dilatatum
365 933 480 1006 esset,
497 935 563 994 eo's
583 939 685 993 mors
709 920 889 1016 opinione
910 921 1070 994 celerior

73 1038 227 1125 tolleret,
252 1039 402 1115 tametsi
427 1034 555 1136 plures
573 1035 701 1110 haheo.
719 1062 805 1110 cum
831 1061 949 1124 meas,
977 1061 1070 1134 quae

73 1157 152 1232 alias
167 1157 214 1234 ad
230 1159 375 1234 litteras
389 1156 537 1252 rejici0,
553 1169 634 1232 tum
650 1157 879 1244 amicorum
906 1157 1005 1230 malo
1024 1155 1072 1232 ad
1100 1174 1102 1179 ·

74 1299 166 1360 earn,
182 1301 301 1374 quam
323 1274 464 1374 protuli
481 1300 526 1350 ex
540 1275 755 1351 narratione
773 1274 838 1349 cel.
861 1275 1065 1360 Santorini,

75 1393 218 1468 alteram
233 1379 298 1470 hi'c
315 1394 474 1481 addere,
493 1418 568 1490 qua
584 1393 804 1466 memoriam
823 1395 986 1466 recolam
1004 1419 1069 1466 an-

76 1509 196 1586 diteris
213 1513 288 1586 mei
307 1511 438 1608 augeli
459 1509 733 1598 NicolaiVillii,
753 1503 938 1606 probitate
960 1525 997 1582 et
1012 1510 1070 1582 di·

76 1625 217 1724 ligentia
235 1627 484 1714 ornatissimi,
503 1627 608 1720 cujus
621 1625 891 1722 progressusin
903 1627 985 1722 ipso
998 1651 1071 1698 me-

76 1743 197 1822 dicinae
210 1744 390 1820 faciendae
408 1743 582 1818 tirocinio
597 1766 698 1818 mors
713 1742 921 1838 intercepit.
934 1743 993 1814 Sic
1008 1767 1072 1814 au·

77 1852 161 1956 terh,
182 1865 255 1938 suh
272 1862 387 1937 finem
406 1861 497 1936 anni
517 1885 620 1958 1727,
637 1859 685 1934 ad
704 1883 764 1934 me
788 1858 984 1932 scribebat.

121 1987 171 2069 ll.
201 1987 389 2069 Venator,
412 1979 480 2076 qui
503 1993 582 2054 erat
604 1979 710 2075 quasi
726 1977 871 2052 assidue
891 1977 1074 2074 brevispi·

74 2121 149 2183 rus,
168 2099 243 2172 hac
260 2099 360 2174 enim
377 2120 469 2172 voce
482 2097 538 2172 uti
551 2097 676 2192 juvat,
694 2119 779 2170 cum
799 2095 878 2167 dies
891 2096 969 2190 jam
985 2111 1073 2167 octo

75 2237 106 2288 aa
130 2219 258 2288 minus
279 2215 402 2288 valere
428 2213 587 2300 diceret,
606 2213 671 2290 scd
695 2213 741 2288 de
765 2211 959 2286 stomacho
977 2211 1075 2284 dun·

72 2345 165 2409 taxat
176 2317 825 2430 quererelur,tandem,cumsacris
835 2327 1074 2417 interfuisset,

73 2449 522 2548 paucumquecihumsub
532 2449 1075 2547 meridiemsumpsisseucoac

73 2581 127 2646 tus
142 2593 181 2640 se
200 2569 242 2640 in
258 2569 437 2642 lectulum
452 2569 655 2656 reclinare,
668 2593 786 2642 uxore
801 2569 863 2642 vix
875 2567 1073 2656 advocata,

73 2686 192 2758 vivere
208 2685 327 2758 desiit.
339 2686 536 2760 Cadaveris
551 2703 656 2774 cute,
667 2711 750 2784 quoe
761 2702 839 2760 erat
854 2685 1075 2760 cachecticis

77 2803 196 2882 colore
215 2805 344 2876 similis
354 2805 670 2902 „tenuissimaque
685 2806 840 2902 arliposa
854 2804 1074 2880 membrana

77 2917 214 3012 incisis,
230 2921 318 2994 niox
333 2937 479 3014 venter,
497 2937 534 2992 et
551 2921 686 2994 thorax
703 2923 821 3018 aperti
834 2937 929 2994 sunt.
952 2927 997 2993 In
1009 2923 1075 2992 illo

79 3058 159 3110 sana
184 3041 322 3115 omnia.
348 3043 393 3110 In
420 3039 494 3110 hoc
514 3063 604 3110 vero
631 3039 830 3136 pulmones
857 3063 942 3110 aere
970 3054 1076 3109 erant
1158 3051 1160 3054 ’

80 3157 231 3230 maxime
241 3156 401 3255 turgidi,
419 3170 456 3226 et
466 3155 634 3252 undique
645 3179 731 3228 curn
742 3156 874 3228 vicinis
884 3153 1075 3252 partibuS,

81 3269 106 3338 si
124 3274 237 3348 modo
255 3297 447 3374 supremas
465 3273 648 3370 excipias,
672 3272 851 3359 connexi,
877 3286 913 3344 et
938 3295 1076 3370 prope-

82 3389 229 3464 modum
247 3394 418 3480 connati,
441 3415 575 3492 magna
593 3405 636 3462 ut
659 3390 696 3460 vi
714 3407 810 3488 opus
835 3387 947 3463 fuerit
963 3414 1037 3487 qua
1057 3415 1075 3462 a

72 3509 201 3598 coctu,
214 3535 236 3580 a
245 3510 541 3608 diaphragmate,
551 3533 571 3580 a
582 3507 804 3582 mediastino
814 3508 1073 3582 avellerentur.

84 3621 177 3699 Intra
193 3627 445 3726 pericardium
460 3613 632 3701 humoris
645 3625 761 3698 lerme
778 3626 897 3729 nihil,
913 3651 1075 3699 corvero
1179 3683 1181 3687 .

84 3734 289 3836 flaccidum,
307 3747 372 3817 sed
386 3770 569 3844 perquam
587 3769 776 3844 magnum.

85 3915 1082 3950 W

121 4017 162 4100 (1)
182 4029 292 4102 Supra,
309 4048 339 4084 n.
356 4030 382 4086 3.
