2842 4672
178 481 250 535 nra.
279 481 307 534 ι.
334 481 381 536 nc
405 479 541 534 uonrrs
565 481 725 549 carrus,
749 481 860 536 misr.
886 451 960 536 niv.
1028 465 1077 564 89

76 611 233 670 mortem
253 599 363 696 sequi
377 597 560 670 debuisse.
570 600 690 670 Docet
699 614 823 671 antem
831 603 1026 698 Verneyus
1035 601 1075 674 id

78 713 175 812 quod
195 715 335 788 scholii
349 715 433 786 loco
453 713 543 785 huic
564 715 817 788 observationi
834 718 873 788 in
894 743 990 790 nova
1008 721 1074 792 Se·

79 831 268 929 pulchreti
281 829 445 904 editione
454 831 670 904 addendum
680 831 900 932 luerat,qua
913 837 1075 926 ratione,

79 952 141 1022 etsi
160 975 243 1021 non
267 948 587 1047 quemadmodum
611 952 759 1038 oculus,
780 951 832 1023 sic
851 937 989 1024 intimae
1010 975 1078 1023 au-

79 1068 170 1146 rium
188 1061 320 1166 partes
338 1065 408 1140 sub
425 1089 576 1140 sensum
595 1066 750 1154 cadant,
769 1084 809 1139 ut
826 1069 980 1142 illaesum
998 1093 1077 1142 csse
1181 1073 1183 1078 ’

79 1183 488 1282 utrobique‘organum
510 1207 616 1280 aeque
641 1183 876 1280 cognoscere
891 1185 1077 1257 intuendo
1109 1203 1111 1208 ·

81 1303 286 1400 possimus3
306 1315 453 1388 tamen,
472 1314 514 1371 ut
528 1299 716 1388 dicebam,
733 1298 843 1372 docet
863 1301 1000 1400 quibus
1021 1303 1078 1374 in·

82 1419 231 1495 diciisin
250 1445 345 1492 aure
362 1440 516 1518 quoque
535 1419 800 1516 conjiciamus,
817 1420 948 1490 vitium
965 1443 1078 1494 omne

83 1538 118 1610 in
143 1561 265 1613 nervo
293 1540 508 1612 consistere.
535 1540 565 1608 'A
590 1561 668 1635 quo
689 1561 777 1609 saue
802 1537 1000 1610 verisimile
1025 1551 1081 1610 est

86 1679 140 1728 eas
156 1653 288 1742 luisse,
305 1679 387 1752 quae
400 1652 491 1724 alibi
504 1652 560 1751 (ι)
575 1678 596 1724 a
611 1652 721 1726 nobis
734 1654 774 1724 in
788 1653 966 1744 muliere,
982 1656 1080 1728 viro·

86 1797 152 1870 que
169 1779 474 1846 commemoratae
488 1786 575 1844 sunt
592 1771 679 1860 tibi,
691 1771 912 1844 surditatem
930 1786 966 1844 et
981 1771 1081 1846 audi·

86 1904 140 1962 tus
156 1893 395 1990 gravitatem,
411 1903 497 1962 ante
512 1890 709 1985 utriusque
724 1888 970 1986 apoplexiam.

129 2033 160 2105 p
187 2009 245 2080 Ad
267 2007 567 2082 observationem
584 2009 646 2081 ,ΙΙΙ
668 2029 746 2078 non
770 2028 887 2103 pauca
910 2005 950 2076 in
973 2004 1081 2078 scho-

88 2123 139 2196 liis
158 2125 203 2200 de
225 2128 403 2214 tinnitus,
429 2124 668 2220 aliorumque
694 2120 879 2218 ejusmodi
900 2145 1082 2193 sonorum

91 2244 199 2316 causis
218 2243 471 2340 adjiciuntur,
497 2264 662 2340 quorum
688 2241 773 2311 loco
804 2237 891 2326 alia,
917 2261 962 2310 ex
985 2241 1081 2309 ⁸Ver·

91 2382 178 2456 neyo
194 2361 252 2458 (α)
267 2363 407 2460 pariter
423 2374 591 2460 sumpta,
613 2357 788 2432 substitui
804 2368 978 2454 poterant
997 2355 1082 2426 lon·
1132 2388 1133 2391 ¹

94 2497 131 2571 ge
151 2477 317 2552 meliora.
339 2483 384 2550 ln
402 2479 446 2550 iis
468 2494 592 2550 tamen
614 2475 765 2548 scholiis
789 2473 974 2546 nonnulla
995 2485 1083 2546 sunt

95 2594 241 2668 minime
262 2595 560 2684 contemnenda,
578 2593 682 2667 velut
692 2591 786 2664 illud
798 2591 845 2664 de
858 2592 961 2690 gravi
972 2591 1011 2662 in
1030 2589 1082 2663 fe·

95 2706 214 2788 bribus
241 2714 467 2814 quibusdam
493 2711 649 2801 auditu,
679 2712 787 2834 pigno
823 2731 903 2780 non
935 2732 1084 2807 semper

97 2852 221 2925 pravo,
240 2846 352 2930 atque
370 2831 464 2904 adeo
480 2828 671 2902 interdum
686 2823 813 2914 bono,
833 2828 1037 2924 praesertim
1054 2828 1086 2898 si
1134 2845 1136 2849 ’

96 2966 173 3020 cum
198 2950 246 3022 iis
276 2949 528 3054 conjungatur
558 2971 639 3045 quae
660 2944 835 3016 'indicent
863 2958 1085 3040 peccantem

97 3070 279 3146 materiam
290 3093 336 3139 ex
349 3062 701 3138 aurisinteriorihus
713 3060 874 3158 ejiciper
886 3059 1015 3132 tubam
1025 3083 1086 3132 eu·
1127 3113 1129 3116 -

100 3183 326 3260 stachianam.
345 3190 389 3257 Et
401 3209 488 3258 sane
502 3181 672 3256 Valsalva
688 3180 727 3251 in
747 3177 989 3251 surditatibus
1003 3203 1085 3274 quae

99 3305 206 3376 acutis
225 3302 369 3375 morbis
384 3300 670 3400 superveniunt,
696 3319 832 3394 aquam
860 3319 955 3394 saepe
979 3294 1086 3378 inve-

99 3416 186 3491 nisse
204 3420 244 3490 in
254 3434 434 3517 tympano
449 3415 736 3503 redundantem,
750 3410 899 3510 alias(3)
917 3410 1086 3484 ametibi

101 3531 295 3608 indicatum
309 3551 374 3610 est.
382 3538 578 3628 Quatenus
587 3546 712 3606 autem
725 3553 805 3604 eam
815 3551 964 3626 aquam,
977 3530 1086 3602 alios·

134 3825 174 3906 (r)
192 3831 286 3906 Epist.
305 3837 339 3902 4,
357 3849 387 3886 ιι.
400 3829 418 3887 8
431 3839 460 3886 et
476 3847 522 3886 rr.

135 3925 175 4006 (a)
193 3932 280 3986 Parte
291 3930 382 3987 modo
396 3927 535 3988 indicata.

136 4023 175 4105 (3)
194 4029 287 4106 Epist.
303 4029 335 4102 6,
354 4048 384 4086 n.
402 4026 430 4086 5.
