2812 4660
168 439 238 487 rm.
266 439 307 486 11.
334 439 381 486 nr
407 437 542 486 nonnis
568 439 897 505 rnonscrs,rr1sr.
925 443 1011 490 xvn.
1040 421 1108 520 317
1162 427 1164 432 ’

99 549 148 624 io·
161 557 248 636 XVI
262 567 344 624 tum
360 551 522 656 demum,
529 575 758 650 cognoscere
769 554 1006 652 inceperant,
1022 583 1109 634 cum

99 669 272 741 thoracis
284 670 445 768 parietes
463 669 540 765 jam
559 670 750 758 attollens,
768 684 917 742 tumore
935 687 972 744 et
989 675 1112 771 pulsa

98 789 208 859 tione
227 811 265 859 se
282 785 461 885 proderet
472 811 603 876 ,nunc
626 787 813 858 minorem
830 788 976 878 adhuc,
992 806 1029 863 et
1045 817 1109 890 pe-

99 906 207 976 nitus
236 903 426 993 abditum,
443 918 557 1002 atque
579 919 771 976 retrusum
796 906 1052 980 internoscere
1071 933 1109 982 se

101 1045 218 1120 posse
250 1019 424 1108 credant,
449 1035 487 1093 et
520 1045 613 1119 saepe
643 1023 910 1095 internoscant.
945 1026 1109 1114 Quamo-

100 1138 215 1210 brem
257 1137 413 1208 minime
450 1135 570 1210 fuerat
602 1138 942 1236 reprehendendus
973 1143 1109 1242 Malpi-

103 1255 219 1354 ghius
234 1255 407 1353 (1)quod
424 1256 521 1327 inter
538 1260 765 1353 cognitiones
783 1256 840 1327 sui
854 1257 969 1329 seculi
977 1312 986 1347 ,
1003 1259 1109 1358 quod

101 1387 142 1444 et
158 1396 292 1443 meum
309 1398 353 1444 ex
366 1376 471 1470 parte
483 1369 570 1460 tuin
586 1371 848 1444 dilatationem
866 1375 995 1446 retulit
1011 1390 1109 1447 arte·

102 1495 173 1562 riae
199 1504 341 1577 aortoe,
362 1489 559 1587 multoque
585 1490 711 1560 minus
730 1489 804 1588 ipsi
827 1487 1108 1584 objiciendum,

105 1597 146 1678 in
170 1607 303 1678 schola
335 1611 485 1694 Groeca,
515 1609 703 1692 Arabica,
732 1619 768 1676 et
781 1609 928 1694 ¹Latina
952 1615 1106 1703 prisea,

105 1709 374 1819 nnenrysmcta
398 1727 616 1808 innotuisse,
638 1736 676 1791 et
698 1726 891 1792 universos
907 1722 1021 1796 libros
1039 1752 1106 1798 an*

86 1847 293 1939 ‚tiquorum
311 1841 358 1912 de
376 1839 698 1932 aneurysmatibns
716 1837 830 1934 loqui.
852 1841 983 1937 Neque
1005 1844 1106 1914 enirn

9 2009 11 2016 ,
103 1959 152 2033 de
171 1961 335 2033 externis
351 1953 675 2053 aneurysmatibus
685 1956 839 2053 quaestio
859 1947 955 2046 erat,
976 1959 1042 2031 sed
1059 1960 1106 2034 de

103 2077 289 2165 internis,
315 2090 352 2148 et
368 2074 592 2146 nominatim
606 2073 756 2145 arteriae
777 2074 893 2172 ipsius
909 2089 1031 2146 aortae.
1050 2081 1106 2149 De

104 2193 247 2292 quibus
267 2195 297 2265 si
317 2194 403 2291 quis
413 2217 460 2264 ex
475 2191 552 2262 ulla
566 2190 613 2262 de
628 2190 751 2262 tribus
760 2189 833 2262 illis
842 2191 980 2264 scholis
990 2196 1106 2291 scrip-

104 2328 189 2385 turn
205 2311 350 2410 aliquid
368 2311 596 2408 reliquisset3
615 2298 829 2380 Silviticum
845 2324 945 2382 certe
957 2335 1037 2384 non
1049 2309 1106 2383 fu-

105 2434 238 2531 gisset,
255 2431 373 2529 quiin
390 2429 610 2502 tractatione
622 2427 686 2498 illa
699 2426 765 2498 sua
777 2451 814 2500 se
832 2427 926 2500 adeo
942 2429 1107 2502 ostendit

103 2552 145 2622 in
167 2550 404 2647 singulorum
421 2547 582 2626 lectione
592 2559 790 2617 versatum.
808 2547 903 2616 Nam
917 2546 1023 2644 quod
1041 2551 1108 2622 Ae·
1203 2629 1207 2637 Δ

103 2665 180 2743 tius
190 2669 244 2766 (a)
262 2669 431 2766 scripsit,
453 2689 673 2761 aneurysma
695 2670 733 2734 in
753 2663 922 2762 qnalibet
939 2671 1106 2764 corporis

100 2769 329 2888 purtefieri,
346 2808 485 2881 nempe
500 2781 553 2852 ibi
573 2796 727 2855 externa
746 2779 1106 2882 subintelligendum

105 2929 207 2991 esse,
225 2900 461 2973 manifestum
471 2913 525 2972 est
544 2923 688 2970 eumer
703 2899 867 2997 eoquod
883 2898 930 2970 de
945 2902 1106 2972 externis

103 3019 323 3093 tumoribus
353 3041 525 3091 sermone
546 3016 611 3086 illo
634 3017 724 3114 agit,
750 3014 832 3088 tum
855 3041 900 3088 ex
920 3031 1106 3113 perpetuo

18 3155 43 3198 -’
107 3141 190 3236 ejus
211 3137 358 3209 silentio
375 3135 421 3207 de
439 3133 619 3221 internis,
636 3147 741 3204 tanto
761 3131 1108 3229 periculosioribus,

57 3321 58 3324 ,
105 3252 452 3352 aneurysmatibus,
474 3274 561 3321 cum
576 3221 817 3321 extdrnorum
834 3247 988 3346 quidem
1003 3249 1109 3350 signa

105 3390 143 3447 et
157 3375 391 3445 curationem
405 3377 604 3468 proponat.

157 3489 298 3563 saure
314 3489 428 3586 igitur
447 3485 640 3558 Lancisius
659 3481 714 3581 (3)
731 3483 898 3582 scripsit,
916 3507 1002 3555 cum
1016 3487 1107 3587 Ηίρ-ι

109 3657 1110 3690 -ὴ--ι--υ--Ο--ι-ι--α
1155 3659 1161 3674 ”

145 3789 191 3869 (ι)
211 3792 298 3866 Resp.
310 3788 459 3864 tad-Epist.
473 3787 510 3844 de
527 3789 595 3843 Rec.
611 3785 690 3842 Med.
704 3784 789 3842 stud.
831 3851 836 3870 x
965 3836 968 3844 ,

45 3917 49 3926 ·
147 3888 192 3968 (a)
213 3889 321 3946 Medic.
337 3888 454 3946 Tetrab.
471 3893 505 3958 4,
522 3889 614 3945 Serm.
634 3886 667 3958 3,
680 3905 705 3942 c.
723 3903 766 3942 ro.

32 3976 39 3990 '
149 3987 194 4074 (a)
214 3991 382 4064 nemen.
400 3989 420 4044 1.
443 3988 612 4062 1‚Prop.a.
