2842 4672
216 483 288 531 mr.
313 483 339 530 1.
367 481 895 549 nnnonnrs·,carrr1s,rr1sr.
923 489 1004 538 run.
1069 463 1119 538 25

153 623 188 696 9.
203 596 394 686 Mulieris,
412 595 520 693 oujus
530 583 778 674 novissimum
789 600 988 688 morbum,
1008 619 1045 676 et
1056 630 1119 676 cae-

109 730 188 788 tera
200 739 283 813 quae
293 716 333 785 in
347 730 497 788 mortua
513 729 663 814 reperta
678 731 766 790 sunt
782 733 917 816 praeter
927 735 1120 811 naturam,

108 833 383 934 opportuniore
402 831 623 930 loco(1)ad
641 847 679 910 te
696 833 869 906 scribam.
891 840 1012 934 Caput
1030 862 1130 909 oum

108 951 337 1041 inciderem,
351 951 543 1024 sinistrum
562 951 715 1022 oculum
733 952 810 1023 vidi
830 979 909 1024 non
933 979 979 1026 eo
997 956 1069 1050 maj
1076 980 1117 1025 o-

108 1093 209 1170 rem,
229 1092 345 1166 quem
364 1093 385 1140 a
402 1067 541 1141 dextris
554 1069 594 1140 in
610 1070 692 1140 viro
705 1069 908 1168 descripsi,
924 1071 989 1144 sed
1003 1073 1117 1169 paulo

107 1189 236 1259 minus
245 1183 519 1258 labefactatum.
529 1186 699 1261 Habebat
709 1189 809 1260 enim
822 1213 1117 1278 corneam,eam·

107 1329 182 1403 que
199 1330 282 1376 non
305 1328 462 1403 prorsus
481 1329 662 1404 opacam;
685 1331 902 1404 quanquam
928 1308 967 1376 in
990 1307 1116 1378 medio

108 1420 226 1496 ferme
244 1421 312 1494 ubi
327 1423 417 1494 olim
435 1419 589 1496 fortasse
602 1423 732 1514 ulcus,
749 1440 814 1496 aut
831 1425 970 1527 vulnus
985 1423 1117 1516 luerat,

107 1566 196 1612 nam
214 1555 362 1614 eertum
382 1540 477 1612 scire
493 1566 572 1612 non
593 1543 724 1640 potui,
747 1543 938 1615 maculosa
958 1559 995 1614 et
1013 1542 1117 1616 fusca

108 1656 334 1758 apparebat;
358 1658 501 1756 quippe
527 1659 629 1732 intus
650 1659 697 1730 ad
726 1685 807 1731 earn
829 1661 947 1759 ipsam
969 1685 1131 1732 corneae·

106 1792 254 1875 partem
265 1789 367 1848 arcte
379 1774 592 1850 adhaerebat
606 1765 709 1848 uveae
730 1779 878 1875 portio,
897 1804 980 1876 quae
996 1794 1116 1850 trans-

108 1894 260 1984 lucens,
279 1895 594 1990 majusincornea
603 1892 735 1964 vitium
745 1919 859 1991 quam
871 1896 974 1992 quod
986 1921 1116 1992 reapse
1159 1900 1161 1905 ’

109 2027 197 2101 erat,
207 2009 475 2084 mentiebatur.
486 2011 691 2108 Reliquum
707 2009 808 2082 oculi
822 2011 1004 2080 ambitum
1017 2036 1128 2082 com·-

108 2127 238 2226 plebat
258 2129 387 2201 tunica
403 2129 619 2217 sclerotica,
634 2129 676 2206 in
696 2152 734 2200 se
761 2142 974 2215 contracta,
993 2152 1129 2224 eoque·

110 2249 270 2320 crassior
302 2245 524 2320 choroidem
554 2247 776 2337 continens,
802 2245 873 2318 sibi
898 2247 984 2344 p'lus
1007 2269 1130 2342 aequo-

109 2363 375 2438 adbaerentem.
407 2365 589 2438 Choroidi
619 2380 744 2438 autem
774 2362 996 2436 membrana
1025 2361 1117 2435 sub-

106 2481 202 2578 jecta
225 2498 307 2554 erat
323 2481 424 2571 alba,
442 2507 579 2570 crassa,
598 2481 724 2570 firma,
751 2507 832 2582 quae
859 2481 980 2554 retina
1003 2481 1116 2568 olim,

108 2625 154 2670 an
164 2581 284 2674 vitrea
296 2603 440 2689 tunica,
460 2607 686 2700 anutraqu'e
701 2599 929 2700 lueritprius
939 2625 1052 2698 quam
1063 2600 1116 2672 sic

109 2735 375 2808 crassesceret,
393 2719 485 2791 hinc
503 2719 730 2792 existimabis
744 2718 877 2816 ,quod
898 2734 1128 2790 antrorsum.

108 2836 309 2936 pergebat,
328 2863 409 2910 eam
421 2863 575 2936 quoque
588 2851 705 2913 totam
716 2836 912 2910 obducens
922 2836 1023 2908 oculi
1031 2860 1127 2934 par·¹

108 2954 268 3027 temubi
285 2980 364 3030 esse
382 2957 507 3030 ciliare
527 2979 684 3054 corpuS,
708 2970 745 3028 et
763 2954 903 3026 humor
932 2955 1116 3052 crystalli-

109 3099 182 3146 nus
197 3074 331 3146 solent.
346 3074 490 3163 Solent,
509 3076 665 3171 inquam
677 3101 688 3163 ;
702 3098 827 3170 neque
842 3073 944 3143 enim
953 3096 1126 3169 usquam·

68 3221 72 3230 ¹
109 3191 148 3264 in
157 3192 275 3265 oculo
291 3192 591 3292 hooquidquam
607 3190 677 3264 fuit
688 3192 790 3264 illius
803 3190 994 3277 humoris,
1008 3188 1115 3287 quod

109 3336 179 3408 pro
192 3325 299 3383 certo
320 3314 473 3409 agnosci
494 3326 643 3410 posset,
662 3325 727 3382 aut
751 3310 881 3396 vitrei,
899 3306 965 3380 sed
988 3332 1129 3405 paucae-

110 3427 293 3504 duntaxat
310 3418 421 3528 guttae
432 3453 538 3527 aquae
554 3428 713 3501 turbidae
731 3442 767 3500 et
781 3424 900 3500 fuscae.
915 3425 1023 3498 Haud
1032 3451 1128 3524 pro--

109 3547 171 3618 cul
182 3547 738 3646 tamenacrystallinihumoris
747 3545 834 3618 sede
846 3543 1116 3643 corpusculum

112 3664 306 3763 quoddam
318 3665 447 3738 inveni
465 3664 627 3754 durum,
644 3661 924 3762 magnitudine,
941 3677 979 3733 et
998 3659 1130 3747 ambi-1

144 4025 189 4106 (ι)
208 4028 306 4106 Epist.
325 4027 378 4101 15,
394 4049 424 4086 n.
441 4029 470 4086 8.
502 4073 504 4080 ,
