2842 4672
266 443 314 532 54
431 464 478 510 nn
504 459 649 513 suemus
673 459 717 514 st
742 457 865 508 cnutus
890 459 1100 510 nonnosum
1156 463 1159 468 ’

267 602 380 653 sonos
399 573 513 648 fuisse
526 575 655 662 utiles,
671 571 825 648 tradunt
834 573 1105 672 Holdemso),
1125 587 1164 646 et
1179 573 1272 648 wit

267 698 372 790 lisius
387 692 453 792 (n).
472 698 517 776 Et
532 695 715 792 quonium
734 703 822 766 cum
839 691 920 766 aliis
937 715 983 764 eu
994 692 1174 766 omnibus
1187 719 1273 793 qua

266 812 483 916 memorate
498 823 604 899 sunt,
629 805 892 888 affectionibus
912 808 1061 909 pupillae
1084 809 1272 904 dilatatio,

269 956 355 1008 oum
373 929 454 1002 aliis
470 943 596 1004 autem
608 927 827 1006 constrictio
843 925 946 1002 haud
957 951 1070 1016 cuo,
1090 943 1273 1026 tanquam

270 1047 425 1128 effectus
456 1069 544 1123 cum
568 1070 632 1126 sua
657 1069 785 1135 causa,
808 1046 1073 1144 conjungitur3
1098 1070 1205 1134 cave,
1223 1069 1275 1118 ne

269 1185 363 1242 tuno
380 1164 505 1246 morbi
521 1189 671 1244 causam
689 1165 728 1240 in
742 1164 982 1261 circumjecta
993 1163 1087 1236 iride
1098 1177 1275 1264 essepeo·

271 1271 448 1372 nu'ncies;
468 1299 510 1356 ut
528 1308 653 1385 neque
671 1307 756 1358 cum
770 1281 955 1356 inchoate
971 1297 1036 1354 aut
1050 1282 1274 1380 crystallini,

271 1418 335 1478 aut
344 1401 499 1486 alterius
509 1400 681 1478 humoris
691 1401 886 1500 opacitatis
895 1399 1034 1471 indicia
1042 1425 1080 1473 se
1096 1400 1276 1499 produnt:

173 1559 178 1570 =
275 1520 340 1596 scd
356 1544 442 1597 cum
457 1519 585 1591 omnia
599 1544 680 1616 quae
696 1532 996 1606 antecesserunt,
1014 1533 1078 1590 aut
1093 1519 1277 1590 comitan-

274 1653 354 1728 tur,
371 1651 542 1713 accurato
559 1634 826 1734 perpenderis3
841 1651 933 1708 tunc
949 1634 997 1708 de
1013 1659 1124 1708 oausa
1144 1659 1281 1707 eorum

274 1755 427 1854 pupillae
451 1752 654 1833 affectuum
675 1753 853 1850 judicato.
879 1757 935 1826 De
956 1755 1132 1826 morbosa
1153 1769 1281 1826 autem

276 1874 352 1946 sive
368 1872 537 1970 ejusdem
556 1871 793 1962 dilatatione,
818 1874 893 1945 sive
917 1871 1023 1944 iridis
1040 1871 1087 1944 ad
1101 1895 1282 1945 comeam

278 1990 497 2072 adhaesione
509 1993 539 2064 si
557 1991 692 2089 legeris
713 2016 795 2088 quae
814 1988 1058 2062 Manchartus
1075 1987 1128 2087 (3)
1143 1987 1285 2078 edidit;

276 2134 355 2180 non
373 2135 492 2184 unum
504 2111 673 2188 invenies
687 2107 792 2206 quod
802 2107 872 2179 tihi
883 2108 973 2179 utile
983 2111 1284 2208 essepossittum

279 2226 492 2315 meditanti,
511 2242 592 2304 tum
611 2228 724 2300 etiam
736 2225 913 2298 medenti.

330 2367 386 2414 20.
414 2347 471 2416 De
488 2344 532 2414 iis
548 2345 688 2441 pariter
704 2369 786 2440 quae
801 2342 848 2416 de
858 2343 961 2416 oculi
976 2359 1041 2415 out
1052 2341 1209 2439 dolore,
1222 2357 1288 2415 eut

278 2459 535 2558 procidentia,
568 2475 631 2534 eut
655 2460 851 2534 strabismo
872 2463 913 2532 in
934 2460 1177 2560 Sepulchreto
1197 2483 1290 2559 pro·

281 2575 470 2664 feruntur,
487 2577 566 2654 haec
582 2592 729 2652 tantum
742 2579 918 2652 monebo.
932 2577 1046 2670 Quod
1060 2578 1291 2676 advprimum

283 2694 433 2784 attinet,
444 2682 510 2766 ¹tuit
522 2699 643 2770 XXIX
659 2695 959 2772 observationem
977 2697 1210 2796 praetemnitti
1223 2695 1291 2768 de-

161 2863 163 2868 ·
284 2811 430 2901 buisse,
456 2827 518 2888 aut
529 2817 641 2892 XXX.
660 2817 867 2913 Utramque
888 2816 989 2887 enim
1008 2813 1177 2886 eamdem
1193 2811 1291 2902 css’e,
1411 2879 1412 2912 ,

286 2925 392 3002 facilc
407 2955 633 3030 cognosces,
657 2958 743 3006 non.
759 2955 866 3005 secus
882 2947 995 3030 atque
1012 2933 1161 3004 initium
1178 2930 1292 3004 sollo·

285 3046 423 3138 liorum
438 3047 484 3124 ed
502 3048 771 3126 observationis
785 3053 860 3143 1‚§
879 3076 913 3141 1,
934 3050 1034 3122 idem
1052 3075 1131 3123 esse
1146 3073 1190 3121 ac
1210 3051 1293 3149 ple·

285 3189 403 3262 mque
422 3165 556 3256 verba,
583 3193 656 3266 que
681 3193 769 3242 mox
785 3169 825 3238 in
839 3167 1007 3263 ejusdem
1030 3166 1055 3261 ς
1074 3197 1095 3239 2
1112 3183 1295 3266 repetun-

287 3296 360 3362 tur,
370 3286 425 3356 De
432 3283 664 3380 procidentia
677 3300 800 3359 autem
809 3284 915 3382 quod
925 3287 1141 3385 exSpigelio
1148 3301 1293 3374 nostro,

289 3397 523 3474 dissimulato
543 3403 624 3500 ejus
641 3404 813 3492 nomino,
837 3404 994 3476 totidem
1012 3403 1292 3504 propemodum

329 3755 374 3834 (1)
393 3761 460 3815 Act.
475 3757 585 3816 Philos.
604 3761 671 3817 Soc.
687 3764 721 3817 R.
736 3761 769 3817 in
780 3765 867 3838 Angl.
881 3783 929 3821 an.
947 3765 1039 3837 1668,
1054 3767 1097 3824 Μ.
1111 3763 1183 3838 ttaj.
1197 3785 1227 3822 u.
1241 3784 1269 3822 1.

327 3870 339 3947 (
360 3871 372 3948 )
392 3873 440 3927 De'
450 3873 559 3930 Anima
573 3877 692 3932 Brutor.
706 3896 732 3932 c.
751 3882 796 3941 ti.

342 3891 358 3926 n

329 3986 372 4064 (3)
381 3987 517 4044 .Dissert.
534 3990 570 4045 de
583 3990 740 4065 Mydriasi,
758 4003 787 4048 et
798 3991 875 4048 Diss.
886 3993 923 4050 de
937 3993 1097 4070 Synechia,
1109 4005 1171 4051 ¹otc.
