2812 4660
205 459 274 507 mr.
303 460 342 506 11.
372 457 934 526 nauonn1srnoaac1s,nr1sr.
962 462 1050 512 xvn.
1080 437 1149 537 357

146 596 226 643 non
246 589 396 672 oportet
413 574 518 671 quod
533 574 701 646 Val‘salva
719 576 758 644 in
777 599 820 646 ea
835 577 992 648 muliere
1010 600 1088 648 nec·
1103 578 1151 650 de

143 691 356 763 ventriculo
373 691 564 788 querelas,
580 715 650 761 nec
669 692 901 789 pulsationes
920 695 1018 764 circa
1036 695 1153 791 hujus

147 810 343 905 regionem
361 809 633 880 memoraverit.
655 813 730 880 Cor
747 813 846 880 euim
863 809 964 882 haud
980 811 1153 902 multum,

147 925 216 994 sed
234 923 424 1021 aliquanto
444 922 600 996 inferius
624 923 886 997 descenderat:
899 942 1153 1026 praetereaque

148 1040 292 1113 ultimis
312 1041 450 1138 quibus
463 1065 543 1113 eam
555 1042 722 1114 invisisse
739 1042 889 1115 videtur
903 1042 1037 1117 diebus
1051 1100 1061 1133 ‚
1077 1061 1155 1117 tan·
1169 1123 1173 1131 ,

147 1170 191 1228 to
219 1161 388 1255 graviora
407 1184 487 1230 non
508 1157 662 1230 deerant
681 1159 727 1230 de
747 1159 883 1255 quibus
905 1185 1001 1258 aegra
1018 1187 1152 1260 quere·

149 1290 273 1379 retur,
292 1276 451 1364 leviora,
469 1291 512 1347 ut
527 1272 587 1363 fit,
607 1277 912 1372 praetermittens3
933 1303 981 1350 ne
1007 1279 1053 1350 de
1069 1303 1154 1352 cor-

150 1391 210 1463 dis
225 1393 397 1491 pulsibus
416 1391 624 1491 quidquam
646 1393 833 1483 dicamus,
855 1397 1023 1492 quitune
1035 1394 1152 1488 facile,

148 1525 196 1580 ut
217 1511 256 1580 in
276 1511 409 1609 longo,
426 1511 673 1609 permolest0‚
690 1526 727 1582 et
739 1511 787 1583 ad
804 1511 967 1583 inediam
987 1513 1152 1612 denique

149 1644 309 1724 cogente
338 1629 493 1717 morbo,
521 1629 594 1726 ipsi
619 1653 773 1726 quoque
795 1630 901 1727 parvi
928 1627 1087 1720 fuerint,
1116 1645 1154 1704 et

150 1743 303 1818 debiles.
634 1762 635 1768 ’

204 1887 260 1957 29.
276 1866 459 1934 Caeterum
474 1862 514 1934 id
534 1862 639 1960 quod
658 1849 739 1934 aliis
756 1862 951 1960 pluribus,
975 1861 1152 1936 Valsalvae

150 1979 293 2076 pariter
312 1995 366 2051 est
386 1979 704 2068 condonandum,
724 1981 866 2052 scilicet
880 1979 985 2078 quod
1002 2005 1047 2052 eo
1059 1995 1153 2051 tem·

150 2121 246 2194 pore
263 2121 341 2192 quo
358 2096 658 2170 observationem
668 2097 766 2167 hanc
776 2096 925 2184 habuit,
936 2096 1055 2168 videri
1065 2122 1154 2194 qua-

151 2214 340 2286 dantenus
359 2215 432 2314 ipsi
452 2216 646 2311 potuerint
670 2237 748 2286 esse
770 2230 882 2287 aortae
900 2213 1151 2302 membranae,

148 2357 233 2430 quae
249 2332 442 2430 polyposae
467 2345 574 2401 erant
593 2331 873 2421 concretiones,
893 2332 948 2402 illi
966 2334 1068 2404 intus
1088 2332 1151 2404 ad·

149 2450 357 2538 haerentes,
389 2473 615 2546 carnemque
651 2451 905 2521 mentientes:
932 2475 1151 2548 quanquam

151 2566 339 2662 ejusmodi
367 2591 518 2639 carnem
537 2591 615 2638 non
635 2567 791 2639 attinere
817 2566 864 2638 ad
883 2568 1025 2638 arteriae
1050 2570 1153 2640 tuui-

153 2709 235 2774 cas,
251 2701 449 2758 monuerat
463 2689 643 2758 Harreius
658 2686 733 2782 (ι),
749 2709 864 2783 quem
884 2687 1054 2758 omnium
1073 2687 1154 2785 pri-

151 2827 258 2875 mum
277 2802 429 2878 fuerunt
446 2807 511 2903 qui
528 2802 725 2876 crederent
734 2803 835 2876 illam
852 2804 1000 2900 scriptis
1014 2829 1154 2875 memo-

152 2945 264 2994 rasse.
281 2925 337 2993 Tu
351 2947 442 2993 vero
460 2922 501 2990 in
518 2919 580 2990 illa
596 2920 696 3017 ipsa,
713 2945 796 3016 quae
809 2945 922 3018 supra
932 2920 987 3017 (a)
1003 2945 1082 2991 non
1098 2945 1153 2992 se-

151 3037 229 3110 mel
252 3038 406 3110 anobis
436 3035 584 3108 laudata
612 3051 682 3124 est,
712 3050 891 3132 tanquam
921 3036 1043 3133 prima
1069 3061 1152 3132 quae

151 3156 423 3251 aneurysmatis
445 3154 484 3223 in
507 3167 642 3224 trunco
664 3165 775 3222 aortae
796 3175 865 3249 per
888 3150 1152 3224 dissertionem

150 3271 280 3343 habita
293 3274 355 3360 sit,
371 3270 633 3344 observatione
646 3268 832 3356 invenies,
842 3267 1063 3365 sanguinem
1072 3292 1158 3340 con·

153 3391 419 3481 tentumfuisse
436 3402 605 3460 concreto
627 3384 794 3483 quodam
811 3408 964 3472 cruore,
986 3410 1050 3456 seu
1069 3410 1153 3457 car-

130 3539 135 3546 ·
151 3509 310 3599 triformi
325 3511 483 3578 materia
490 3507 604 3602 fibris
617 3501 810 3591 destituta,
829 3526 942 3598 quam
954 3510 1154 3594 rursuscr'r·

151 3624 341 3696 cumdedit
354 3622 555 3696 subalbida
579 3638 616 3692 et
632 3620 730 3690 dura
750 3619 925 3718 quaedam
942 3622 1152 3692 substantia

149 3794 1155 3822 W

194 3910 241 3986 (1)
262 3909 306 3965 De
318 3908 389 3965 circ.
403 3906 514 3984 Sangu-
529 3907 632 3966 Exere.
647 3905 681 3976 3,
694 3905 755 3961 sive
768 3903 806 3962 ad
817 3904 935 3962 Riolan.
952 3919 979 3959 a.

194 4007 239 4085 (a)
260 4007 332 4065 tto
348 4016 376 4062 et
392 4005 437 4062 18.
1000 3993 1007 4007 ⁶
