2750 4658
317 405 388 472 ito
483 413 530 465 ns
556 411 704 463 mutuus
727 411 772 460 rr
797 413 922 463 causis
949 403 1159 467 moruorum

315 650 920 678 mmmmm
1265 656 1303 674 m

312 853 583 936 EPISTOLA
609 843 1187 931 ANATotttlco-MEDICA
1206 851 1303 931 XVI.

314 1089 454 1182 Agitur
475 1081 523 1152 de
540 1081 801 1180 Respiratione
820 1079 911 1150 laesa
930 1102 955 1149 a
975 1085 1097 1152 causis
1120 1087 1217 1152 intra
1232 1081 1303 1151 tho-

364 1226 506 1286 racem,
540 1213 577 1269 et
597 1203 767 1298 primum
796 1199 847 1269 ab
871 1195 1002 1294 hujus,
1027 1213 1097 1270 aut
1112 1197 1304 1297 pericardii

362 1318 559 1418 Hydrope.

309 1539 523 1680 Securior
539 1605 582 1665 ut
596 1615 678 1692 que
692 1615 810 1680 causae
823 1593 922 1662 intra
935 1590 1132 1665 thoracem
1150 1591 1303 1692 quidem,

308 1714 378 1787 sed
401 1728 502 1785 extra
519 1712 721 1812 pulmones
745 1712 839 1800 sitae,
866 1706 1033 1781 officiant
1058 1709 1301 1809 respirationi,

311 1832 515 1904 videamus.
532 1835 666 1902 Earum
687 1829 906 1928 praecipue,
922 1842 959 1900 et
975 1828 1109 1926 saepius
1128 1852 1239 1925 quam
1249 1825 1301 1897 ali·

310 1951 379 2049 qui
391 1964 541 2050 putant,
565 1961 828 2035 occurrentes,
846 1944 973 2018 autad
994 1967 1132 2042 aquam
1148 1956 1300 2044 spectant

311 2065 481 2150 effusam,
490 2066 610 2139 aut'ad
622 2065 745 2137 cordis
758 2085 1060 2164 magnorumque
1074 2083 1247 2136 vasorum
1258 2061 1300 2132 di·

309 2186 518 2259 latationes.
539 2189 594 2257 De
616 2199 780 2280 utroque
799 2197 924 2254 autem
944 2203 1080 2280 genere
1095 2183 1136 2252 in
1154 2181 1300 2254 sectione

309 2300 466 2398 quidem
486 2297 556 2369 hac
572 2303 589 2368 1
607 2298 693 2370 libri
712 2303 748 2368 II
768 2298 1005 2397 Sepulchret'i
1023 2299 1227 2372 anatomici
1237 2297 1302 2396 plu·
1358 2311 1359 2315 ’

310 2441 372 2489 res
391 2417 453 2486 hic
474 2416 550 2487 illic
569 2417 737 2488 invenies
756 2416 1059 2505 observationes3
1078 2416 1144 2488 sed
1161 2416 1209 2487 de
1225 2437 1301 2486 neu·
1335 2448 1339 2457 f

310 2549 372 2606 tro
390 2533 594 2605 sectionem
612 2535 853 2632 peculiarem.
879 2535 972 2606 Mihi
987 2559 1077 2606 vero
1095 2550 1133 2606 et
1148 2555 1300 2606 commo·
1357 2519 1358 2587 l

311 2650 398 2722 dius
412 2647 492 2721 fore
502 2650 667 2738 videtur,
677 2668 715 2725 et
728 2653 876 2741 utilius,
890 2654 920 2726 si
930 2667 1077 2726 nostras
1089 2651 1300 2733 dividentes,

310 2769 372 2842 his
388 2767 542 2866 quidem
557 2768 691 2842 litteris
710 2771 1007 2870 complectamur
1024 2794 1106 2868 quae
1124 2769 1173 2841 ad
1190 2769 1300 2842 thora·
1356 2823 1357 2856 ,

312 2888 366 2960 cis
380 2885 591 2985 hydropem
604 2890 785 2971 attinent,
802 2903 840 2959 et
854 2888 1055 2987 pet-icardii
1068 2914 1080 2957 .·
1091 2911 1179 2985 quae
1192 2903 1299 2958 auten

313 3007 359 3079 ad
377 3005 502 3080 cordis
524 3021 784 3104 aneurysmata
802 3022 991 3105 spectant,
1011 3021 1047 3079 et
1063 3030 1208 3103 magnae
1224 3017 1301 3074 arte·
1355 3028 1356 3084 l

309 3125 396 3214 riae,
412 3149 473 3197 eas
485 3125 532 3195 atl
543 3125 738 3223 epistolam
756 3125 966 3222 proximam
979 3147 1183 3197 servemus.
1197 3123 1300 3219 Igitur
1355 3091 1356 3129 ¹

315 3263 398 3340 quae
409 3241 455 3313 ad
472 3242 580 3312 illum
593 3242 796 3340 pertinent,
814 3267 859 3314 ex
871 3241 1042 3315 Valsalva
1060 3239 1217 3339 quidem
1229 3247 1302 3310 sunt
1354 3271 1355 3302 t

309 3357 368 3430 hae
386 3384 534 3431 novem.
1354 3309 1355 3401 l

366 3503 399 3545 a.
417 3475 554 3546 Mulier
572 3501 693 3548 annos
708 3491 795 3548 nata
813 3477 961 3549 circiter
975 3474 1110 3574 viginti
1125 3473 1240 3559 duos,
1255 3491 1302 3540 ca·
1353 3537 1354 3558 ,

312 3592 499 3680 chectica,
523 3592 730 3681 sitibunda,
750 3594 879 3665 leviter
901 3593 1085 3680 tussiens,
1107 3605 1145 3663 et
1175 3581 1299 3686 aliquid

203 3800 206 3811 .
313 3708 530 3781 catarrhalis
549 3709 710 3779 materiae
723 3705 1054 3806 exspuens,nuhit.
1065 3706 1299 3804 Aliquotpost
1352 3749 1353 3754 κ

311 3827 462 3924 nuptias
492 3823 625 3896 diebus
656 3824 884 3896 decumbere
913 3825 1070 3922 cogitur.
1097 3823 1230 3896 Pulsus
1254 3830 1298 3890 est

312 3944 433 4032 celer,
455 3940 649 4041 frequens,
668 3942 843 4020 humilis:
860 3943 973 4020 tussis
992 3941 1169 4032 molesta,
1184 3935 1297 4050 paucis
