2750 4658
149 439 219 486 nm.
246 439 286 486 11.
315 439 361 486 nn
387 435 878 503 noaa1sruoaac1s,nr1sr.
905 441 979 488 xv1.
1008 417 1078 516 273

82 549 308 624 rubentibus
324 549 505 622 musculis
522 551 698 648 imposita
719 565 756 638 et
782 551 995 647 interjecta,
1019 554 1082 627 vix

83 684 123 740 ut
134 693 241 766 aquae
257 667 465 767 pau-xillum
483 667 674 740 inteream
691 669 1004 766 apparuerit‚ubi
1018 663 1097 744 ne-³

85 811 158 883 que
179 786 220 856 in
239 787 407 873 vivente,
434 798 477 855 ut
502 783 679 867 diximus,
706 811 830 882 neque
853 787 893 857 iu
914 803 1063 858 mortua
1073 791 1090 878 ‚'

85 918 170 975 ante
185 901 469 989 dissentionem,
484 901 791 993 emendabatur,
808 902 882 974 hoc
899 919 954 976 est
966 905 1006 974 in
1024 930 1085 975 ex-

86 1021 214 1092 tremis
232 1019 393 1120 pedibus
414 1047 422 1088 :
442 1017 546 1115 quod
564 1019 689 1115 ipsum
707 1033 833 1091 tamen
851 1045 912 1092 me
929 1020 1087 1094 nonfu-

87 1138 138 1234 git
155 1160 266 1235 posse
283 1133 330 1214 ab
340 1136 468 1233 aliquo
482 1135 554 1234 ipsi
568 1137 666 1206 uteri
677 1137 873 1234 gestationi
886 1154 1086 1236 acceptum

86 1251 225 1326 referri.
243 1253 365 1348 Major
382 1276 490 1350 aequo
508 1251 584 1323 lien
599 1253 810 1350 aliquanto,
826 1251 946 1351 hepar
961 1269 1087 1328 autem

88 1371 223 1470 magis,
237 1385 279 1442 ut
298 1369 402 1467 quod
419 1384 455 1450 et
467 1367 621 1442 inferius
634 1394 749 1467 quam
762 1370 892 1459 soleat,
908 1387 945 1445 et
959 1372 1006 1444 ad
1023 1374 1088 1466 lie-

87 1513 175 1560 nem
186 1513 304 1585 usque
314 1465 766 1560 seextenderetAExterids
776 1488 1088 1585 pallidum;intus

88 1632 132 1678 ex
144 1631 226 1695 sun,
236 1602 474 1678 etextabacci
484 1604 611 1675 colore
622 1605 754 1676 leviter
762 1605 1096 1703 variegatumznec·

87 1739 214 1796 tamen
234 1721 382 1793 durum.
409 1719 653 1792 Ventriculus
674 1721 714 1790 in
738 1720 864 1792 medio
885 1720 1001 1794 ferme
1016 1749 1096 1796 suae·

88 1837 331 1939 longitudinis
341 1834 645 1924 contrahebatur,
656 1838 833 1934 utrinque
846 1837 1094 1930 extuberans,·

89 1958 155 2032 sed
170 1983 192 2028 a
211 1957 350 2029 dextris
362 1956 506 2042 minum
523 1978 605 2050 quae
617 1978 703 2050 pars
716 1953 872 2052 oblique
886 1956 1095 2030 descende·¹
1146 1998 1153 2010 ·

84 2074 168 2164 hat3
185 2075 301 2147 altera
316 2073 356 2144 in
369 2088 620 2146 transversum
634 2059 766 2170 posita,
783 2070 902 2143 fundo
920 2074 1095 2172 aliquan«

87 2209 171 2266 tum
200 2207 414 2266 antrorsum
439 2214 641 2278 converso,
665 2192 759 2262 aeris
778 2205 815 2262 et
841 2190 1015 2265 humoris
1036 2219 1092 2267 se-

87 2311 266 2410 miplena.
285 2314 441 2382 Vermes
456 2308 612 2406 plurimi
625 2323 761 2380 teretes
781 2309 821 2379 in
838 2309 1016 2382 tenuibus
1032 2312 1090 2382 in·
1170 2373 1173 2378 .

88 2429 246 2518 testinis,
261 2451 343 2526 quaa
360 2426 427 2499 ubi
443 2426 497 2496 illi
510 2441 636 2514 erant,
653 2441 690 2498 et
707 2426 872 2524 quodam
886 2431 1092 2527 praesertim

86 2549 127 2620 in
143 2547 249 2635 loco,
274 2541 548 2633 subrubebant,
566 2542 785 2641 ibidemque
803 2547 908 2642 quasi
926 2571 996 2645 per
1014 2550 1092 2620 vim

87 2663 241 2736 dilatata
253 2659 561 2762 protuberabant.
580 2663 793 2758 Antequam
813 2665 1093 2760 pectusincidea

86 2795 383 2870 remustumere
395 2779 536 2852 collum
549 2777 1092 2880 animadvertimusaturgente

86 2899 268 3000 glandula
280 2895 497 2994 thyroidea:
518 2919 563 2968 ex
575 2896 748 2968 mammis
768 2912 893 2969 autem
912 2898 968 2968 lac
985 2897 1092 3002 facile

86 3017 262 3116 exprimi.
279 3014 446 3100 Thorace
458 3011 654 3111 patefacto,
667 3037 753 3084 ecce
766 3012 804 3084 id
821 3013 926 3110 qnod
940 3040 1094 3088 causam«

85 3133 253 3234 praebuit
270 3145 307 3204 et
326 3145 406 3203 tum
413 3140 507 3227 „iquae
524 3154 725 3229 praegressa
739 3145 877 3219 essent,
897 3133 1025 3202 omnia
1035 3132 1091 3203 di-

85 3250 269 3350 ligentius
295 3244 535 3346 inquirendi,
562 3245 707 3336 ethic,
735 3261 778 3317 ut
803 3242 977 3338 fecimus,
1002 3251 1091 3321 scri.

84 3366 219 3441 bendi.
243 3369 287 3437 In
312 3366 393 3461 ejus
417 3389 507 3436 cavo
529 3363 683 3436 dextero
707 3362 870 3460 plurima
892 3380 971 3437 erat
994 3391 1092 3465 aqua

85 3483 276 3572 subflava,
289 3485 330 3553 in
344 3506 462 3579 eaque
476 3505 603 3553 crassae
623 3480 812 3577 quaedam,
838 3481 903 3552 sed
919 3508 1092 3578 mucosa,

86 3604 199 3702 quasi
223 3601 315 3673 telae.
340 3599 560 3696 Cujusmodi
587 3622 691 3694 aquae
720 3598 862 3695 aliquid
881 3600 920 3671 in
940 3603 1090 3682 sinistro

85 3743 184 3792 cavo
201 3719 312 3791 etiam
331 3714 421 3804 fuit,
449 3718 489 3787 in
509 3715 719 3814 pericardio
739 3731 865 3788 autem
886 3733 1031 3789 tantum
1049 3733 1092 3790 ut
1148 3725 1149 3728 ’

85 3853 187 3912 esset
206 3833 482 3935 propemodum
495 3832 669 3931 plenum,
686 3856 756 3904 nec
770 3834 849 3904 sine
865 3834 947 3905 telis
962 3833 1090 3931 quales

83 3953 208 4026 modo
221 3949 674 4044 diximus‚innatantibus.
693 3950 866 4049 Denique
878 3951 918 4020 in
929 3965 1092 4050 utroque

164 4099 197 4144 a.
883 4065 925 4136 18
