2842 4672
303 389 350 462 62
469 411 516 458 ur
543 407 690 457 anninus
715 408 760 454 rr
785 405 911 456 causis
934 405 1145 458 nonroauu

305 523 578 609 comminutus,
606 521 814 619 alienisque
844 520 1078 622 interceptus
1099 523 1328 621 particulis,

306 665 411 716 suam
437 640 513 710 vim
546 663 698 710 exerere
729 662 809 709 non
838 635 1000 727 valeret3
1024 660 1191 737 quarere
1214 645 1329 740 coepi
1408 667 1410 720 ξ

306 773 394 858 post
409 756 449 828 id
468 772 619 868 tempus
636 780 729 825 num
752 770 860 826 antea
878 756 1042 846 nemini,
1057 756 1097 827 id
1113 757 1216 854 quotl
1234 778 1330 832 cre-

307 875 422 950 dibile
438 898 517 944 non
534 870 748 957 videbatur,
765 871 895 944 eadem
910 897 993 971 qum
1009 873 1103 944 mihi
1118 875 1254 948 utendi
1266 899 1332 948 ra·

306 996 364 1067 tio
376 991 473 1064 adeo
487 989 617 1078 obvia,
632 991 671 1060 in
684 1004 851 1062 mentem
861 992 1033 1063 venisset.
1049 995 1144 1063 Cum
1159 995 1331 1066 aaronis·

309 1112 412 1186 simis
429 1109 662 1205 inciperem:
680 1108 719 1176 in
734 1130 874 1204 niagno
884 1107 1139 1206 complurium
1157 1110 1332 1200 silentiu,

309 1227 439 1300 inveni
452 1221 732 1320 deniqueapud
742 1222 1036 1324 Kerclrringinm
1046 1225 1100 1324 (1)
1109 1247 1220 1299 acum
1235 1245 1332 1328 gut—

309 1344 386 1416 turi
406 1340 653 1412 inhaerentem
663 1363 783 1412 annos
800 1341 878 1436 jam
898 1365 1057 1429 novem,
1077 1361 1147 1442 per
1164 1365 1332 1443 magne-

310 1463 359 1534 tis
368 1457 528 1530 frustum
547 1471 761 1528 extractam.
776 1460 854 1530 Etsi
863 1485 907 1531 aa
919 1459 1179 1558 superioribus
1191 1465 1260 1560 qui
1279 1441 1332 1536 ai

310 1576 415 1649 milia
427 1576 655 1674 praestiterit,
671 1591 944 1649 commemoret
960 1580 1169 1669 nemlnem3
1183 1600 1333 1678 quare·

311 1717 354 1766 re
366 1708 492 1765 tamen
503 1691 783 1790 perrexidonec
795 1691 845 1762 ab
859 1693 1010 1764 Hildani
1019 1693 1142 1768 indice
1154 1695 1333 1768 admoni-

313 1825 394 1899 tus,
407 1807 708 1882 observationem
725 1809 806 1904 ejus
822 1808 895 1908 legi
907 1810 982 1908 (a),
992 1835 1065 1909 qua
1079 1811 1191 1886 docet
1202 1815 1330 1886 scoria

314 1923 1330 2024 ferri,adnataeinfixa,quibusremediistandemamota

316 2044 442 2120 fuerit.
462 2050 596 2117 Casum
612 2044 788 2144 equidem
799 2044 945 2134 inveni,
959 2071 1075 2145 quern
1083 2047 1256 2148 perlegas
1265 2071 1330 2120 ve·

316 2165 406 2252 lim,
421 2164 461 2234 in
480 2162 672 2260 plerisque
691 2176 766 2232 tam
787 2187 872 2234 meo
896 2165 1054 2237 similem
1073 2185 1188 2264 quam
1209 2189 1331 2238 orum

320 2307 417 2371 ovo;
432 2279 497 2352 sed
516 2279 562 2350 dc
574 2294 747 2376 magnete
762 2303 918 2376 prorsus
927 2283 1034 2354 nihil.
1044 2283 1212 2356 Tandem
1220 2283 1331 2382 quod

320 2395 501 2472 iudexille
509 2401 781 2493 copiosissimus
789 2423 867 2470 non
881 2399 1112 2491 ostenderat,
1123 2426 1204 2474 sors
1216 2401 1329 2474 obtu-

320 2511 836 2610 litlliudcnimperquirens,
843 2517 960 2590 incidi
969 2519 1257 2616 inejusalteram
1267 2519 1332 2592 ob·

322 2632 573 2704 servationem
593 2627 648 2725 (3)
661 2629 709 2700 dc
720 2638 843 2702 scoria
861 2634 1017 2706 chalibra
1030 2657 1176 2709 cornea
1189 2640 1331 2735 infixa,

324 2747 563 2846 ejusdemque
579 2751 874 2844 ingeniosissima
892 2759 1096 2825 curatione.
1115 2760 1200 2826 Hac
1217 2780 1330 2845 vero,

324 2864 406 2936 aliis
416 2862 596 2936 omnibus
605 2864 732 2955 irritis,
744 2871 928 2966 magnetis
939 2893 1011 2970 ope
1020 2869 1231 2946 felicissime
1241 2897 1331 2972 pcr-

325 2980 420 3055 fecta
441 2996 506 3054 est.
533 2985 651 3053 Porro
671 2999 715 3054 ut
730 2985 1023 3086 Kerckriugium
1042 2989 1147 3062 fateri
1163 3014 1245 3062 non
1259 3013 1330 3090 pu·

325 3101 427 3190 duit,
447 3097 552 3196 quod
568 3114 625 3171 tot
643 3099 880 3200 chirurgiam
891 3123 1056 3178 mentem
1071 3133 1150 3180 non
1162 3125 1330 3198 venerat,

324 3218 365 3290 id
380 3242 452 3290 sea
469 3215 771 3290 circumforaneo
786 3218 981 3308 didicisse,
996 3221 1048 3293 ita
1063 3247 1190 3320 neque
1201 3222 1330 3294 Hilda·

325 3359 420 3408 num
439 3333 486 3404 ab
505 3357 642 3423 uxore3
662 3348 717 3410 est
736 3335 933 3426 enimes,
952 3363 1032 3410 non
1049 3355 1203 3424 auctor,
1222 3363 1331 3437 spec-

325 3450 451 3522 tanda.
474 3453 573 3524 llluel
594 3451 640 3524 de
659 3477 727 3526 suo
746 3453 809 3528 liic
825 3456 1208 3546 addidit‚vi‹tendum
1222 3473 1331 3531 antea

365 3751 410 3832 (1)
431 3753 569 3832 spicileg.
583 3758 671 3812 Anat.
690 3757 753 3814 obs.
771 3766 819 3826 42.

252 3851 254 3858 ’
364 3851 514 3930 (noent.
532 3859 563 3928 l,
576 3855 649 3912 ebs.
663 3852 746 3914 Chtr.
764 3873 810 3930 17.

366 3953 412 4033 (3)
431 3954 518 4015 flent.
533 3953 567 4031 5,
585 3956 650 4013 obs.
663 3975 711 4012 αι.
