2812 4660
314 443 384 532 348
417 469 432 504 υ
475 467 521 515 or
547 463 692 514 surmus
717 465 761 513 ar
787 464 909 514 caus1s
935 465 1144 515 noanonuu

311 603 416 653 veam
428 605 628 680 ‘grumosus
642 580 791 678 sanguis
807 563 1082 654 continebatur.
1096 583 1212 658 Artus
1226 609 1315 682 quo·

312 725 385 799 que
404 700 586 782 oedemate
612 713 800 770 tumentes
821 699 970 771 dissecti
998 715 1085 772 sunt
1112 701 1315 799 :nihilque

313 817 385 888 seri
407 817 505 888 inter
520 815 777 887 musculorum
802 814 915 888 fibras
934 819 1131 889 'inventum
1154 833 1231 906 est3
1254 819 1314 890 sed

281 977 283 980 -
313 957 427 1004 omne
445 934 544 1004 inter
561 933 770 1022 musculos,
791 948 827 1005 et
849 949 972 1006 cutem
991 937 1029 1005 in
1052 934 1215 1008 dilatatis
1242 935 1315 1006 adi-

312 1075 411 1149 posae
422 1049 647 1122 membranae
662 1051 805 1122 cellulis
821 1051 998 1124 concludi
1011 1051 1222 1124 videbatur.
1233 1057 1315 1125 Cre·

313 1169 428 1242 dibile
455 1184 577 1242 autem
597 1185 692 1257 erat,
721 1171 760 1240 in
782 1171 826 1242 iis
846 1196 938 1268 quas
960 1170 1143 1258 diximus,
1165 1187 1313 1242 artuum

311 1285 482 1385 partibus
499 1285 703 1358 substitisse
721 1285 770 1357 ob
786 1286 1020 1359 debilitatum
1039 1288 1235 1385 sanguinis
1252 1313 1315 1388 per

312 1403 465 1482 arterias
475 1401 697 1500 impulsum,
709 1427 830 1501 eoque
842 1429 989 1478 sursum
1003 1405 1233 1503 compellere
1242 1431 1314 1476 non

290 1501 292 1506 ¹
311 1521 514 1607 valentem,
526 1545 611 1590 nam
624 1535 722 1592 certe
738 1522 936 1619 propiores
946 1522 1051 1593 cordi
1068 1537 1225 1593 artuum
1235 1547 1315 1620 par·

313 1652 389 1721 tes,
407 1663 662 1735 nequaquam,
679 1653 721 1708 ut
741 1663 853 1736 supra
872 1641 1080 1736 expositum
1099 1654 1177 1723 est,
1195 1655 1314 1711 tume·

312 1752 413 1826 hant.
436 1755 479 1824 Id
498 1780 620 1827 serum
642 1755 877 1845 exbrachio,
896 1755 1023 1828 multis
1038 1758 1078 1826 in
1095 1757 1191 1828 locis
1203 1757 1313 1827 incisa

314 1887 421 1959 cute,
441 1897 676 1970 expressum,
705 1873 832 1944 colore
860 1865 994 1971 aquam
1019 1871 1212 1962 referens,
1235 1897 1312 1944 cunt

217 2050 223 2062 .
309 1989 388 2086 igni
406 1988 533 2062 fuisset
549 1991 787 2088 impositum,
815 2013 940 2088 neque
962 1989 1159 2062 turbidum
1178 1989 1312 2064 factum

312 2123 382 2197 est,
403 2123 439 2180 et
456 2111 577 2180 totum
595 2109 634 2177 in
649 2132 758 2180 auras
773 2107 872 2179 abiit.
888 2108 959 2179 Sed
974 2108 1078 2206 quod
1090 2133 1136 2180 ex
1151 2107 1312 2180 thoracis

313 2227 433 2296 caveis
444 2227 637 2324 acceptum
654 2224 795 2315 fuerat,
814 2225 940 2298 colore
957 2225 1003 2297 ad
1023 2225 1161 2297 flavum
1180 2239 1312 2298 satura·

311 2342 607 2432 tumaccedens,
625 2358 661 2414 et
679 2342 871 2414 turbatum
889 2358 959 2432 est,
986 2358 1022 2415 et
1037 2343 1259 2441 paulopost
1277 2345 1310 2412 in

313 2483 461 2530 summo
480 2461 693 2557 pelliculam
713 2459 835 2550 duxit,
856 2461 1050 2558 hancque,
1085 2461 1311 2558 procedente

315 2579 764 2674 semper'evaporatione,
784 2578 949 2678 denique
965 2580 1005 2648 iu
1027 2579 1106 2648 imo
1123 2601 1213 2650 vase
1233 2577 1311 2649 reli·

314 2693 407 2790 quit.

362 2812 493 2880 Serum
525 2827 650 2883 autem
673 2839 718 2885 ex
734 2829 883 2914 ‘'ventre
897 2811 1090 2900 haustum,
1120 2827 1165 2883 ut
1189 2811 1310 2884 colore

294 2977 297 2994 2
313 2927 360 2998 ad
376 2929 540 3026 primum
554 2931 645 3001 illud
659 2932 876 3021 accedebat,
892 2933 961 3018 sic,
977 2929 1155 3029 quamvis'
1167 2955 1248 3002 non
1263 2955 1310 3002 se·

313 3071 378 3118 cus
402 3071 444 3117 ao
462 3033 637 3120 ‘alterurn‘
659 3050 880 3136 avolaverit,
907 3049 1012 3120 nullo
1042 3063 1169 3119 tamen
1201 3045 1309 3118 modo

309 3161 502 3237 turbatum
524 3183 588 3239 est.
611 3168 711 3256 Quin
732 3171 841 3239 etiam
860 3192 946 3238 cum
965 3167 1202 3265 singulorum
1230 3188 1310 3263 por·

249 3359 255 3370 ,
312 3281 383 3369 tio,
402 3308 480 3354 non
496 3285 576 3382 igni
596 3285 808 3372 commissa,
830 3281 945 3367 sedin
960 3285 1055 3354 vasis
1071 3285 1201 3354 vitreis
1218 3307 1310 3354 seor·

312 3423 393 3470 sum
413 3416 508 3474 esset
525 3416 723 3490 asservata,
748 3403 982 3499 alterumque
1008 3401 1113 3473 brevi
1144 3393 1309 3498 tempore

313 3514 431 3585 multa
448 3517 488 3584 in
506 3518 568 3586 sui
587 3518 712 3588 medio
729 3521 894 3589 natantia
914 3531 1179 3588 concrementa
1196 3531 1310 3587 osten·

285 3719 287 3735 Ι
314 3631 427 3704 disset
440 3632 798 3722 membraniformia,
819 3659 950 3707 eorum
970 3634 1103 3706 similia
1124 3657 1208 3730 quae
1221 3653 1309 3730 saepc

302 3731 497 3848 'apparent
509 3751 547 3820 in
557 3753 645 3822 vino
655 3779 665 3841 3
677 3754 843 3850 primum
860 3767 896 3824 et
908 3753 1080 3838 tertium,
1096 3750 1218 3820 multo
1228 3771 1310 3847 pau·

314 3865 691 3942 cioraexbibuerunt

363 3985 419 4056 26.
434 3985 542 4057 Plura
552 3985 591 4058 in'
601 3984 672 4059 hac
682 3985 837 4061 historia
844 3986 1086 4062 adnotatione
1095 3983 1208 4084 digna
1216 3981 1308 4070 sunt,
