2766 4670
288 372 338 467 96
453 392 499 440 ne
525 389 671 439 seorsus
697 389 741 438 rr
765 387 889 440 crusrs
913 389 1123 442 uoueouuu

285 509 403 604 primi
417 505 601 576 Actorum
621 501 717 600 clari
732 499 964 591 Bartholini,
984 503 1098 602 hujus
1119 503 1319 579 videlicet⁴

294 623 493 719 conjugem
515 617 666 718 lapillos
678 643 754 717 per
770 635 934 692 meatum
957 627 1060 694 aurt's
1082 647 1167 694 oum
1194 647 1303 696 ceru-

292 747 391 812 mine
405 744 619 827 excrevisse,
628 761 743 834 quam
754 737 934 810 nimirum
946 763 1029 810 cum
1038 747 1303 814 ceraminesci·
1372 823 1373 834 χ

293 883 370 931 rem
382 861 590 930 extraxisse
598 854 794 944 arenulas,
811 879 890 927 non
906 855 1065 954 lapillos.
1079 859 1194 948 Quod
1210 859 1302 931 reli·
1372 885 1373 894 ¹

293 999 411 1073 quum
424 987 495 1045 est:
505 986 542 1044 et
554 972 602 1043 ad
615 971 847 1071 propositam
857 973 897 1042 in
905 973 1153 1071 Sepulchreto
1167 974 1301 1048 obser-

293 1093 482 1163 vationem
501 1089 653 1177 attinet,
679 1088 865 1186 siquando
891 1113 1071 1164 cerumen
1093 1090 1143 1162 ad
1161 1091 1301 1164 calculi

292 1223 469 1282 naturam
484 1207 652 1295 accessit3
663 1220 763 1292 certe
775 1222 979 1280 accesserat
987 1209 1027 1278 in
1040 1232 1083 1280 ea
1099 1210 1299 1282 curatione

295 1351 408 1424 quam
425 1323 594 1399 Valsalva
619 1347 640 1394 a
667 1347 705 1398 se
727 1338 917 1424 peractam
941 1328 1164 1399 memoravit
1183 1353 1192 1397 :
1212 1351 1300 1424 quae
1372 1305 1373 1314 ἵ

294 1467 376 1530 res,
393 1459 430 1516 et
446 1442 611 1541 penitior
627 1441 666 1511 iu
681 1466 757 1540 qua
779 1427 901 1514 annos
919 1443 997 1538 jam
1017 1442 1220 1515 duodecim
1238 1446 1299 1514 in-

297 1561 497 1649 duruerat,
516 1573 662 1632 meatus
687 1558 793 1632 sedes
819 1584 1002 1632 summam
1028 1561 1109 1657 ejus
1135 1574 1173 1633 et
1197 1562 1298 1659 peri-
1372 1637 1373 1650 ,

296 1680 404 1766 tiam,
420 1694 457 1750 et
471 1676 701 1774 diligentiam
713 1677 753 1747 iu
770 1675 836 1748 illo
848 1702 917 1776 per
932 1692 1055 1781 partes
1070 1676 1244 1767 subinde,
1254 1693 1298 1749 ut

296 1819 447 1868 necesse
458 1792 547 1882 fuit,
563 1793 784 1881 eximendo,
798 1794 899 1893 apud
912 1819 1043 1867 omnes
1053 1795 1296 1898 commenda·
1372 1835 1373 1852 2

281 1915 358 1986 ¹vit.
378 1917 508 2012 Neque
530 1927 656 1984 tamen
671 1905 768 2011 aeger
784 1928 934 1986 coactus
953 1929 1009 1985 est
1025 1913 1148 1985 denuo
1160 1913 1298 1985 ,addis-

296 2056 377 2104 cere
398 2054 509 2103 voces
530 2045 568 2102 et
587 2028 798 2128 loquelam,
826 2030 893 2101 etsi
913 2046 1007 2129 post
1021 2027 1157 2102 multos
1175 2054 1297 2101 annos

296 2142 467 2220 auditum
477 2161 778 2247 recuperaverat3
796 2148 937 2246 quippe
948 2149 1033 2244 qui,
1046 2162 1089 2219 ut
1103 2146 1208 2218 surdi
1217 2170 1297 2244 pas·

297 2268 368 2338 sim
394 2262 515 2338 faeere
545 2264 685 2353 solent,
701 2265 742 2335 in
768 2288 834 2336 sua
850 2263 1028 2336 surditate
1053 2263 1180 2362 loqui,
1199 2265 1296 2336 sicut

298 2398 425 2469 antea,
448 2396 681 2480 perrexeram
699 2398 743 2455 ut
770 2383 924 2454 minime
954 2383 1179 2481 intelligam,
1198 2407 1298 2480 quo-

296 2498 414 2570 modo
427 2522 449 2567 a
466 2488 768 2596 praestantissimo
794 2503 876 2570 viro
896 2500 1085 2598 potuerit;
1107 2499 1181 2572 nisi
1200 2497 1297 2572 forte

299 2617 346 2694 de
375 2612 558 2702 oblivioso
584 2616 729 2714 aliquo,
756 2615 941 2718 necdum,
967 2641 1055 2688 cum
1078 2617 1215 2690 surdus
1243 2632 1299 2690 est

299 2733 435 2818 factus,
458 2735 543 2809 satis
568 2735 675 2833 loqui
691 2736 826 2826 docto;
842 2735 936 2807 illud
955 2735 1050 2824 dici,
1072 2735 1178 2834 quod
1195 2751 1297 2809 certe

299 2850 346 2924 de
361 2853 498 2925 nostris
513 2852 634 2925 surdis
650 2853 786 2926 accidit
802 2853 1297 2944 neminirQuodverohruta

299 2970 473 3060 animalia
495 2985 626 3069 utpote
645 2970 821 3043 manibus
840 2972 1004 3044 carentia
1030 2970 1169 3068 quibus
1186 2995 1296 3044 aures
1319 3055 1322 3061 Ι

187 3181 188 3184 ¹
299 3083 483 3188 purgent,
503 3103 636 3160 contra
658 3090 767 3161 obvia
785 3086 889 3184 lt'gna
910 3087 1127 3187 lapidesque
1144 3095 1294 3162 auricu-

206 3277 208 3280 .
302 3202 357 3277 las
370 3207 589 3299 confricent3
611 3220 724 3303 atque
750 3204 790 3275 id
812 3207 1043 3297 nifecerint,
1060 3205 1294 3292 surdescant,

298 3339 400 3393 recte
417 3323 571 3419 quidem
584 3325 616 3396 is
635 3323 896 3406 docuitJuvat
908 3303 1032 3396 tamen
1047 3323 1185 3397 addere
1202 3325 1297 3420 truri-¹

300 3436 470 3510 cularum
492 3439 542 3511 ob
565 3439 605 3510 id
628 3453 783 3538 quoque
805 3441 896 3539 ipsis
919 3465 1134 3514 concessam
1153 3456 1297 3515 tantam

298 3553 399 3626 illam
415 3555 678 3647 mobilitatem,
690 3572 733 3628 ut
746 3563 856 3630 vario
871 3573 994 3648 motu,
1007 3558 1296 3658 undiquefaoto,

300 3689 533 3744 excrementa
546 3681 663 3763 acria,
674 3690 711 3747 et
723 3700 965 3776 quaecumque
973 3682 1161 3776 negotium
1160 3679 1297 3770 facere

294 3804 492 3889 poterant,
511 3815 560 3860 ea:
568 3794 719 3864 auribus
722 3792 884 3885 facilius
897 3791 1144 3894 expellerent,
1158 3808 1202 3866 ut
1210 3819 1296 3894 prae

299 3905 397 3980 clare
420 3906 568 3980 censuit
590 3909 778 3984 Casserius
793 3911 835 3984 in
857 3934 903 3984 eo
921 3914 1004 4012 ipso
1030 3911 1171 4012 eapite,
1196 3911 1297 4010 unde
1358 3940 1359 3947 ¹
