2820 4662
188 457 260 508 ma.
288 460 329 508 11.
356 462 403 508 os
428 459 564 509 rroaars
589 459 781 526 morsare,
805 461 917 510 rr1sr..
943 461 1047 512 mn.
1074 438 1151 530 405

193 573 252 646 18.
275 577 368 646 Cum
385 573 455 644 alia
473 574 510 642 in
526 574 738 646 Ferrarinio
751 572 912 662 fuerant,
924 599 1008 673 quae
1019 591 1149 675 postea

138 692 179 759 in
207 691 431 762 Marchione
450 690 650 762 Pauluccio
669 717 715 762 ex
736 691 866 762 eadem
888 716 998 766 causa
1024 694 1150 766 obser·

138 809 414 894 ravimus,tum
424 807 486 878 illa
495 806 712 905 prasertim,
724 833 806 905 quae
819 807 973 882 addicta
988 809 1078 882 alias
1093 809 1148 909 (1)

138 923 894 1024 dePaulocoionunoaddos‚quodauram
903 929 1150 1026 quasiquam·

137 1039 227 1112 dam
249 1069 295 1115 ex
307 1041 606 1141 hypochondriis
618 1043 881 1124 ascendentem
896 1044 1097 1132 sentiebat,
1111 1061 1149 1120 et

134 1160 249 1257 quod
260 1159 1148 1260 nullositucommodiussedebaaquameapite,

132 1294 171 1350 et
181 1303 350 1376 corpore
361 1279 399 1348 in
410 1279 596 1350 anteriora
606 1279 799 1351 inclinato.
811 1281 980 1369 Quarum
991 1280 1147 1377 quidem

130 1419 270 1466 rerum
284 1411 325 1468 ut
337 1396 450 1468 altera
465 1411 613 1492 poterat
630 1398 668 1466 in
689 1421 855 1468 errorem
873 1398 1074 1488 inducere,
1094 1401 1146 1472 sic

131 1512 256 1586 altera
276 1530 447 1585 avertere.
472 1513 519 1584 ab
541 1539 669 1584 errore
697 1512 866 1586 debebat.
894 1516 988 1584 Nam
1012 1516 1044 1587 si
1066 1517 1147 1614 pri·

131 1656 239 1702 mam
264 1633 434 1728 accipere
457 1629 571 1700 velles
598 1654 671 1728 pro
692 1624 1036 1727 hypochondriacae
1055 1657 1144 1706 con·

131 1749 321 1821 vulsionis
341 1747 497 1834 indicio,
525 1769 722 1843 perquam
742 1771 856 1816 unam
881 1743 1082 1819 horribiles
1098 1747 1145 1818 il-

130 1865 192 1938 los
210 1889 456 1964 paroxysmos
471 1863 696 1961 explicare53
717 1861 889 1934 obstabat
907 1862 1041 1951 altera,
1060 1887 1143 1960 quae

130 1983 251 2081 longe
268 1983 371 2055 ajiud
385 1979 639 2081 significabat,
653 1979 827 2052 videlicet
844 2001 923 2052 esse
939 1979 1037 2051 intra
1055 1978 1142 2050 tho·

128 2127 264 2174 racem
283 2100 386 2199 quod
407 2123 574 2197 asperam
598 2098 773 2170 arteriam
793 2111 981 2197 premeret
1003 2098 1142 2196 magis,

129 2220 209 2302 nisi
237 2243 278 2288 ea
300 2218 468 2316 eorporis
486 2216 731 2289 inclinatione
743 2213 790 2286 ab
810 2238 853 2286 ea
874 2214 1052 2286 nonnihil
1073 2213 1140 2318 ab·

128 2335 348 2406 duceretur.
367 2339 420 2407 lta
437 2359 516 2408 rem
536 2332 748 2434 exponebat
766 2333 1028 2423 Ramazzinus,
1049 2357 1138 2405 cum

129 2451 399 2524 dissertionem
421 2451 790 2550 modo-propositam
812 2447 1020 2548 Malpighio
1037 2474 1139 2522 nun·
1174 2521 1177 2526 .

128 2571 273 2659 ciaret,
288 2571 456 2644 similiter
469 2595 556 2644 sane
573 2593 616 2640 ac
630 2568 831 2642 Reiselium
844 2565 988 2640 videbis
1007 2567 1047 2638 in
1067 2565 1138 2640 oh·

128 2689 362 2777 servatione,
379 2687 444 2760 illo
457 2689 540 2785 ipso
559 2677 662 2757 anno
681 2685 795 2775 edita,
812 2707 856 2757 ac
870 2686 1062 2784 posteaia
1073 2688 1136 2758 Se·

128 2805 373 2904 pulchretum
387 2804 442 2902 (a)
459 2803 592 2893 relata,
606 2803 847 2903 explicavisse
855 2827 949 2890 ‚our
965 2827 1062 2902 puer
1077 2829 1135 2875 as·

131 2921 238 2992 tkma
264 2947 373 2994 suum
401 2945 595 2994 asumma
618 2925 792 3017 angustia
818 2919 941 2990 levari
962 2925 1132 3008 remma,

128 3038 286 3134 quando
302 3055 406 3110 stans
422 3052 536 3137 caput
550 3049 731 3135 otpertus
747 3033 957 3107 inclinabat
965 3058 1130 3124 scamno,

126 3156 309 3230 nimirum
337 3151 443 3254 quod
463 3177 530 3226 cor
550 3153 696 3251 oppido
713 3176 915 3248 magnum„
929 3165 1058 3262 sterno
1073 3156 1130 3222 ῆι-

127 3275 303 3345 oumbens
314 3271 680 3369 meliusquiesoeret,
698 3293 814 3368 qaam
834 3274 870 3337 si
883 3268 1129 3369 supr'nospul-

126 3413 252 3462 mones
256 3403 455 3488 premeret.
470 3389 528 3460 Sic
544 3401 672 3486 postea
688 3385 928 3458 Vieussenius
943 3385 997 3482 (3)
1014 3385 1129 3458 ratio·

126 3527 214 3578 nem
236 3507 381 3597 attulit,
401 3503 649 3605 quamobrem
666 3503 774 3576 miles
792 3504 917 3576 minus
936 3499 1127 3579 difficilem

162 3805 207 3885 (ι)
227 3807 323 3884 Epist.
342 3803 502 3880 17,n.26.

161 3904 205 3986 (a)
225 3909 262 3964 In
272 3905 422 3966 Additum.
434 3904 474 3962 ad
485 3904 563 3962 Seot.
579 3902 645 3978 rra.
660 3920 697 3978 a,
714 3901 779 3960 obs.
794 3919 849 3978 αρν

161 4002 205 4085 (3)
226 4005 328 4067 'fraite
343 4005 385 4070 du
396 4023 493 4082 cour,
510 3999 558 4066 oh.
573 4021 604 4062 ι,
