<?xml version="1.0" encoding="UTF-8"?>
<!DOCTYPE html PUBLIC "-//W3C//DTD XHTML 1.0 Transitional//EN"
    "http://www.w3.org/TR/xhtml1/DTD/xhtml1-transitional.dtd">
<html xmlns="http://www.w3.org/1999/xhtml" xml:lang="en" lang="en">
 <head>
  <title>
</title>
<meta http-equiv="Content-Type" content="text/html;charset=utf-8" />
  <meta name='ocr-system' content='tesseract 3.04.00' />
  <meta name='ocr-capabilities' content='ocr_page ocr_carea ocr_par ocr_line ocrx_word'/>
</head>
<body>
  <div class='ocr_page' id='page_1' title='image "./desedibusetcaus00chaugoog_0409.png"; bbox 0 0 2820 4662; ppageno 0'>
   <div class='ocr_carea' id='block_1_1' title="bbox 309 435 1150 522">
    <p class='ocr_par' dir='ltr' id='par_1_1' title="bbox 309 435 1150 522">
     <span class='ocr_line' id='line_1_1' title="bbox 309 435 1150 522; baseline -0.002 -16"><span class='ocrx_word' id='word_1_1' title='bbox 309 435 379 522; x_wconf 52' lang='grc' dir='ltr'>[μή</span> <span class='ocrx_word' id='word_1_2' title='bbox 475 452 521 504; x_wconf 84' lang='lat' dir='ltr'>rr</span> <span class='ocrx_word' id='word_1_3' title='bbox 548 451 762 504; x_wconf 71' lang='lat' dir='ltr'>senneser</span> <span class='ocrx_word' id='word_1_4' title='bbox 788 449 913 501; x_wconf 74' lang='lat' dir='ltr'>crusis</span> <span class='ocrx_word' id='word_1_5' title='bbox 938 449 1150 504; x_wconf 79' lang='lat' dir='ltr'>norrorun</span> 
     </span>
    </p>
   </div>
   <div class='ocr_carea' id='block_1_2' title="bbox 238 566 1398 3491">
    <p class='ocr_par' dir='ltr' id='par_1_2' title="bbox 238 566 1398 3491">
     <span class='ocr_line' id='line_1_2' title="bbox 309 566 1311 668; baseline -0.002 -26"><span class='ocrx_word' id='word_1_6' title='bbox 309 585 368 642; x_wconf 88' lang='lat' dir='ltr'>ter</span> <span class='ocrx_word' id='word_1_7' title='bbox 383 569 508 668; x_wconf 82' lang='lat' dir='ltr'>digitis</span> <span class='ocrx_word' id='word_1_8' title='bbox 524 593 636 666; x_wconf 84' lang='lat' dir='ltr'>supra</span> <span class='ocrx_word' id='word_1_9' title='bbox 655 593 720 640; x_wconf 88' lang='lat' dir='ltr'>cor</span> <span class='ocrx_word' id='word_1_10' title='bbox 735 568 938 665; x_wconf 88' lang='lat' dir='ltr'>incipiens,</span> <span class='ocrx_word' id='word_1_11' title='bbox 956 568 1141 640; x_wconf 79' lang='lat' dir='ltr'>exteriora</span> <span class='ocrx_word' id='word_1_12' title='bbox 1155 566 1311 666; x_wconf 74' lang='lat' dir='ltr'>pectoris</span> 
     </span>
     <span class='ocr_line' id='line_1_3' title="bbox 308 685 1310 786; baseline 0 -28"><span class='ocrx_word' id='word_1_13' title='bbox 308 687 426 760; x_wconf 87' lang='lat' dir='ltr'>instar</span> <span class='ocrx_word' id='word_1_14' title='bbox 443 687 649 786; x_wconf 89' lang='lat' dir='ltr'>pulvinaris</span> <span class='ocrx_word' id='word_1_15' title='bbox 669 685 898 783; x_wconf 87' lang='lat' dir='ltr'>occupabat,</span> <span class='ocrx_word' id='word_1_16' title='bbox 914 685 1022 781; x_wconf 90' lang='lat' dir='ltr'>cujus</span> <span class='ocrx_word' id='word_1_17' title='bbox 1045 687 1310 782; x_wconf 80' lang='lat' dir='ltr'>aneurysmatis</span> 
     </span>
     <span class='ocr_line' id='line_1_4' title="bbox 308 803 1312 902; baseline -0.001 -27"><span class='ocrx_word' id='word_1_18' title='bbox 308 829 445 901; x_wconf 78' lang='lat' dir='ltr'>magna</span> <span class='ocrx_word' id='word_1_19' title='bbox 466 819 631 902; x_wconf 83' lang='lat' dir='ltr'>exparte</span> <span class='ocrx_word' id='word_1_20' title='bbox 652 803 771 876; x_wconf 83' lang='lat' dir='ltr'>simile</span> <span class='ocrx_word' id='word_1_21' title='bbox 789 803 947 875; x_wconf 88' lang='lat' dir='ltr'>alterum</span> <span class='ocrx_word' id='word_1_22' title='bbox 971 818 1100 899; x_wconf 84' lang='lat' dir='ltr'>postea</span> <span class='ocrx_word' id='word_1_23' title='bbox 1116 803 1312 900; x_wconf 86' lang='lat' dir='ltr'>descripsit</span> 
     </span>
     <span class='ocr_line' id='line_1_5' title="bbox 308 918 1309 1018; baseline -0.004 -24"><span class='ocrx_word' id='word_1_24' title='bbox 308 924 464 994; x_wconf 83' lang='lat' dir='ltr'>Littrius</span> <span class='ocrx_word' id='word_1_25' title='bbox 486 923 556 1017; x_wconf 77' lang='grc' dir='ltr'>(ι)</span> <span class='ocrx_word' id='word_1_26' title='bbox 578 949 587 990; x_wconf 73' lang='lat' dir='ltr'><em>z</em></span> <span class='ocrx_word' id='word_1_27' title='bbox 607 936 767 1018; x_wconf 86' lang='lat' dir='ltr'>uterque</span> <span class='ocrx_word' id='word_1_28' title='bbox 794 935 918 992; x_wconf 89' lang='lat' dir='ltr'>autem</span> <span class='ocrx_word' id='word_1_29' title='bbox 942 918 1134 990; x_wconf 86' lang='lat' dir='ltr'>adnotavit</span> <span class='ocrx_word' id='word_1_30' title='bbox 1145 973 1162 1006; x_wconf 90' lang='lat'>‚.</span> <span class='ocrx_word' id='word_1_31' title='bbox 1188 921 1309 1018; x_wconf 84' lang='lat' dir='ltr'>aliquo</span> 
     </span>
     <span class='ocr_line' id='line_1_6' title="bbox 309 1035 1310 1136; baseline -0.005 -25"><span class='ocrx_word' id='word_1_32' title='bbox 309 1055 395 1111; x_wconf 81' lang='lat' dir='ltr'>ante</span> <span class='ocrx_word' id='word_1_33' title='bbox 422 1054 583 1110; x_wconf 88' lang='lat' dir='ltr'>mortem</span> <span class='ocrx_word' id='word_1_34' title='bbox 604 1038 724 1134; x_wconf 88' lang='lat' dir='ltr'>spatio</span> <span class='ocrx_word' id='word_1_35' title='bbox 749 1038 930 1136; x_wconf 89' lang='lat' dir='ltr'>temporis</span> <span class='ocrx_word' id='word_1_36' title='bbox 956 1038 1115 1107; x_wconf 86' lang='lat' dir='ltr'>omnino</span> <span class='ocrx_word' id='word_1_37' title='bbox 1133 1035 1310 1108; x_wconf 90' lang='lat' dir='ltr'>obscura-</span> 
     </span>
     <span class='ocr_line' id='line_1_7' title="bbox 305 1143 1308 1254; baseline -0.004 -24"><span class='ocrx_word' id='word_1_38' title='bbox 305 1171 392 1230; x_wconf 83' lang='lat' dir='ltr'>tam·</span> <span class='ocrx_word' id='word_1_39' title='bbox 400 1156 648 1254; x_wconf 87' lang='lat' dir='ltr'>pulsationem</span> <span class='ocrx_word' id='word_1_40' title='bbox 670 1152 802 1243; x_wconf 87' lang='lat' dir='ltr'>fuisse,</span> <span class='ocrx_word' id='word_1_41' title='bbox 821 1155 940 1252; x_wconf 78' lang='lat' dir='ltr'>&#39;idque</span> <span class='ocrx_word' id='word_1_42' title='bbox 961 1143 1213 1253; x_wconf 86' lang='lat' dir='ltr'>repetendum</span> <span class='ocrx_word' id='word_1_43' title='bbox 1236 1177 1308 1227; x_wconf 90' lang='lat' dir='ltr'>esse</span> 
     </span>
     <span class='ocr_line' id='line_1_8' title="bbox 307 1272 1306 1371; baseline -0.003 -27"><span class='ocrx_word' id='word_1_44' title='bbox 307 1299 328 1344; x_wconf 87' lang='lat' dir='ltr'>a</span> <span class='ocrx_word' id='word_1_45' title='bbox 349 1276 457 1371; x_wconf 91' lang='lat' dir='ltr'>copia</span> <span class='ocrx_word' id='word_1_46' title='bbox 485 1272 717 1344; x_wconf 85' lang='lat' dir='ltr'>lamellarum</span> <span class='ocrx_word' id='word_1_47' title='bbox 738 1273 784 1344; x_wconf 89' lang='lat' dir='ltr'>de</span> <span class='ocrx_word' id='word_1_48' title='bbox 809 1273 947 1371; x_wconf 89' lang='lat' dir='ltr'>quibus</span> <span class='ocrx_word' id='word_1_49' title='bbox 969 1272 1057 1344; x_wconf 88' lang='lat' dir='ltr'>alibi</span> <span class='ocrx_word' id='word_1_50' title='bbox 1076 1272 1149 1370; x_wconf 76' lang='lat' dir='ltr'>(a)</span> <span class='ocrx_word' id='word_1_51' title='bbox 1168 1273 1306 1344; x_wconf 89' lang='lat' dir='ltr'>dictum</span> 
     </span>
     <span class='ocr_line' id='line_1_9' title="bbox 308 1377 1308 1488; baseline -0.004 -24"><span class='ocrx_word' id='word_1_52' title='bbox 308 1406 381 1478; x_wconf 87' lang='lat' dir='ltr'>est,</span> <span class='ocrx_word' id='word_1_53' title='bbox 402 1392 478 1462; x_wconf 87' lang='lat' dir='ltr'>sive</span> <span class='ocrx_word' id='word_1_54' title='bbox 496 1390 765 1488; x_wconf 81' lang='lat' dir='ltr'>polyposarnm</span> <span class='ocrx_word' id='word_1_55' title='bbox 780 1377 1086 1478; x_wconf 82' lang='lat' dir='ltr'>concretionum,</span> <span class='ocrx_word' id='word_1_56' title='bbox 1103 1415 1200 1486; x_wconf 89' lang='lat' dir='ltr'>quas</span> <span class='ocrx_word' id='word_1_57' title='bbox 1213 1391 1308 1460; x_wconf 90' lang='lat' dir='ltr'>intus</span> 
     </span>
     <span class='ocr_line' id='line_1_10' title="bbox 307 1506 1307 1607; baseline -0.006 -27"><span class='ocrx_word' id='word_1_58' title='bbox 307 1506 510 1580; x_wconf 85' lang='lat' dir='ltr'>subsistens</span> <span class='ocrx_word' id='word_1_59' title='bbox 543 1511 693 1607; x_wconf 87' lang='lat' dir='ltr'>sanguis</span> <span class='ocrx_word' id='word_1_60' title='bbox 721 1510 837 1606; x_wconf 84' lang='lat' dir='ltr'>magis</span> <span class='ocrx_word' id='word_1_61' title='bbox 872 1509 1062 1607; x_wconf 85' lang='lat' dir='ltr'>magisque</span> <span class='ocrx_word' id='word_1_62' title='bbox 1089 1506 1307 1578; x_wconf 84' lang='lat' dir='ltr'>adauxisset.</span> 
     </span>
     <span class='ocr_line' id='line_1_11' title="bbox 307 1623 1306 1724; baseline -0.003 -28"><span class='ocrx_word' id='word_1_63' title='bbox 307 1626 366 1696; x_wconf 88' lang='lat' dir='ltr'>Sic</span> <span class='ocrx_word' id='word_1_64' title='bbox 379 1627 491 1724; x_wconf 88' lang='lat' dir='ltr'>igitur</span> <span class='ocrx_word' id='word_1_65' title='bbox 506 1625 717 1710; x_wconf 88' lang='lat' dir='ltr'>observatio</span> <span class='ocrx_word' id='word_1_66' title='bbox 733 1627 940 1698; x_wconf 83' lang='lat' dir='ltr'>obscuratae</span> <span class='ocrx_word' id='word_1_67' title='bbox 952 1625 1175 1724; x_wconf 88' lang='lat' dir='ltr'>pulsationis</span> <span class='ocrx_word' id='word_1_68' title='bbox 1189 1623 1237 1695; x_wconf 84' lang='lat' dir='ltr'>ab</span> <span class='ocrx_word' id='word_1_69' title='bbox 1251 1649 1306 1694; x_wconf 79' lang='lat' dir='ltr'>ex·</span> 
     </span>
     <span class='ocr_line' id='line_1_12' title="bbox 304 1741 1306 1842; baseline -0.004 -28"><span class='ocrx_word' id='word_1_70' title='bbox 304 1745 423 1814; x_wconf 90' lang='lat' dir='ltr'>ternis</span> <span class='ocrx_word' id='word_1_71' title='bbox 450 1744 774 1842; x_wconf 84' lang='lat' dir='ltr'>anenrysmatibus</span> <span class='ocrx_word' id='word_1_72' title='bbox 802 1744 846 1815; x_wconf 90' lang='lat' dir='ltr'>ad</span> <span class='ocrx_word' id='word_1_73' title='bbox 873 1745 935 1815; x_wconf 85' lang='lat' dir='ltr'>illa</span> <span class='ocrx_word' id='word_1_74' title='bbox 958 1768 1112 1842; x_wconf 84' lang='lat' dir='ltr'>qnoque</span> <span class='ocrx_word' id='word_1_75' title='bbox 1142 1741 1306 1813; x_wconf 87' lang='lat' dir='ltr'>traducta</span> 
     </span>
     <span class='ocr_line' id='line_1_13' title="bbox 305 1854 1304 1958; baseline -0.006 -26"><span class='ocrx_word' id='word_1_76' title='bbox 305 1875 379 1948; x_wconf 88' lang='lat' dir='ltr'>est,</span> <span class='ocrx_word' id='word_1_77' title='bbox 407 1886 489 1958; x_wconf 87' lang='lat' dir='ltr'>quae</span> <span class='ocrx_word' id='word_1_78' title='bbox 515 1877 557 1933; x_wconf 92' lang='lat' dir='ltr'>ut</span> <span class='ocrx_word' id='word_1_79' title='bbox 584 1879 793 1935; x_wconf 85' lang='lat' dir='ltr'>extrorsum</span> <span class='ocrx_word' id='word_1_80' title='bbox 818 1861 889 1934; x_wconf 88' lang='lat' dir='ltr'>sibi</span> <span class='ocrx_word' id='word_1_81' title='bbox 910 1862 1008 1932; x_wconf 87' lang='lat' dir='ltr'>viam</span> <span class='ocrx_word' id='word_1_82' title='bbox 1039 1858 1238 1947; x_wconf 82' lang='lat' dir='ltr'>fecissent,</span> <span class='ocrx_word' id='word_1_83' title='bbox 1262 1854 1304 1926; x_wconf 89' lang='lat' dir='ltr'>ad</span> 
     </span>
     <span class='ocr_line' id='line_1_14' title="bbox 238 1975 1304 2078; baseline -0.006 -26"><span class='ocrx_word' id='word_1_84' title='bbox 238 2046 241 2052; x_wconf 87' lang='lat'><em>.</em></span> <span class='ocrx_word' id='word_1_85' title='bbox 303 1979 480 2051; x_wconf 88' lang='lat' dir='ltr'>intimum</span> <span class='ocrx_word' id='word_1_86' title='bbox 494 1996 618 2052; x_wconf 85' lang='lat' dir='ltr'>tamen</span> <span class='ocrx_word' id='word_1_87' title='bbox 634 1980 843 2052; x_wconf 83' lang='lat' dir='ltr'>attinebant</span> <span class='ocrx_word' id='word_1_88' title='bbox 860 1995 972 2078; x_wconf 75' lang='lat' dir='ltr'>aortae</span> <span class='ocrx_word' id='word_1_89' title='bbox 984 1995 1164 2050; x_wconf 88' lang='lat' dir='ltr'>truncum</span> <span class='ocrx_word' id='word_1_90' title='bbox 1181 1986 1192 2046; x_wconf 75' lang='grc' dir='ltr'>ε’</span> <span class='ocrx_word' id='word_1_91' title='bbox 1209 1975 1304 2046; x_wconf 88' lang='lat' dir='ltr'>dein·</span> 
     </span>
     <span class='ocr_line' id='line_1_15' title="bbox 305 2093 1303 2196; baseline -0.004 -30"><span class='ocrx_word' id='word_1_92' title='bbox 305 2093 352 2166; x_wconf 90' lang='lat' dir='ltr'>de</span> <span class='ocrx_word' id='word_1_93' title='bbox 373 2123 463 2169; x_wconf 88' lang='lat' dir='ltr'>vero</span> <span class='ocrx_word' id='word_1_94' title='bbox 483 2098 579 2184; x_wconf 85' lang='lat' dir='ltr'>etad</span> <span class='ocrx_word' id='word_1_95' title='bbox 598 2098 659 2168; x_wconf 88' lang='lat' dir='ltr'>illa</span> <span class='ocrx_word' id='word_1_96' title='bbox 677 2123 758 2196; x_wconf 78' lang='lat' dir='ltr'>quoe</span> <span class='ocrx_word' id='word_1_97' title='bbox 778 2099 929 2196; x_wconf 91' lang='lat' dir='ltr'>penitus</span> <span class='ocrx_word' id='word_1_98' title='bbox 946 2111 1033 2169; x_wconf 90' lang='lat' dir='ltr'>sunt</span> <span class='ocrx_word' id='word_1_99' title='bbox 1051 2093 1179 2166; x_wconf 90' lang='lat' dir='ltr'>abdita</span> <span class='ocrx_word' id='word_1_100' title='bbox 1195 2121 1205 2180; x_wconf 79' lang='lat'>3</span> <span class='ocrx_word' id='word_1_101' title='bbox 1224 2093 1303 2163; x_wconf 88' lang='lat' dir='ltr'>uni-</span> 
     </span>
     <span class='ocr_line' id='line_1_16' title="bbox 303 2213 1301 2314; baseline -0.002 -29"><span class='ocrx_word' id='word_1_102' title='bbox 303 2239 409 2288; x_wconf 81' lang='lat' dir='ltr'>verse</span> <span class='ocrx_word' id='word_1_103' title='bbox 456 2217 555 2286; x_wconf 89' lang='lat' dir='ltr'>enirn</span> <span class='ocrx_word' id='word_1_104' title='bbox 598 2217 790 2288; x_wconf 88' lang='lat' dir='ltr'>Lancisius</span> <span class='ocrx_word' id='word_1_105' title='bbox 831 2215 1000 2314; x_wconf 90' lang='lat' dir='ltr'>quuitur</span> <span class='ocrx_word' id='word_1_106' title='bbox 1045 2213 1301 2311; x_wconf 84' lang='lat' dir='ltr'>propositione</span> 
     </span>
     <span class='ocr_line' id='line_1_17' title="bbox 302 2330 1302 2431; baseline -0.003 -28"><span class='ocrx_word' id='word_1_107' title='bbox 302 2335 419 2404; x_wconf 82' lang='lat' dir='ltr'>LVIII</span> <span class='ocrx_word' id='word_1_108' title='bbox 433 2333 500 2429; x_wconf 82' lang='lat'>(3),</span> <span class='ocrx_word' id='word_1_109' title='bbox 519 2350 556 2405; x_wconf 91' lang='lat' dir='ltr'>et</span> <span class='ocrx_word' id='word_1_110' title='bbox 576 2333 788 2416; x_wconf 73' lang='lat' dir='ltr'>Albertinus</span> <span class='ocrx_word' id='word_1_111' title='bbox 803 2357 958 2431; x_wconf 74' lang='lat' dir='ltr'>quoque</span> <span class='ocrx_word' id='word_1_112' title='bbox 969 2331 1043 2428; x_wconf 70' lang='grc' dir='ltr'>(Δ),</span> <span class='ocrx_word' id='word_1_113' title='bbox 1058 2330 1122 2402; x_wconf 93' lang='lat' dir='ltr'>ubi</span> <span class='ocrx_word' id='word_1_114' title='bbox 1140 2330 1189 2406; x_wconf 87' lang='lat' dir='ltr'>de</span> <span class='ocrx_word' id='word_1_115' title='bbox 1203 2353 1302 2401; x_wconf 85' lang='lat' dir='ltr'>aneu·</span> 
     </span>
     <span class='ocr_line' id='line_1_18' title="bbox 299 2447 1303 2550; baseline -0.002 -30"><span class='ocrx_word' id='word_1_116' title='bbox 299 2466 509 2546; x_wconf 83' lang='lat' dir='ltr'>rysmatum</span> <span class='ocrx_word' id='word_1_117' title='bbox 533 2450 745 2549; x_wconf 82' lang='lat' dir='ltr'>pulsatione</span> <span class='ocrx_word' id='word_1_118' title='bbox 757 2453 773 2538; x_wconf 57' lang='lat'>‚⁴</span> <span class='ocrx_word' id='word_1_119' title='bbox 785 2452 814 2523; x_wconf 91' lang='lat' dir='ltr'>si</span> <span class='ocrx_word' id='word_1_120' title='bbox 830 2477 908 2522; x_wconf 85' lang='lat' dir='ltr'>non</span> <span class='ocrx_word' id='word_1_121' title='bbox 923 2455 1077 2550; x_wconf 77' lang='lat' dir='ltr'>prorsus</span> <span class='ocrx_word' id='word_1_122' title='bbox 1088 2447 1303 2536; x_wconf 84' lang='lat' dir='ltr'>deficiente,</span> 
     </span>
     <span class='ocr_line' id='line_1_19' title="bbox 302 2566 1301 2668; baseline -0.003 -31"><span class='ocrx_word' id='word_1_123' title='bbox 302 2582 339 2637; x_wconf 90' lang='lat' dir='ltr'>at</span> <span class='ocrx_word' id='word_1_124' title='bbox 357 2585 456 2640; x_wconf 86' lang='lat' dir='ltr'>certe</span> <span class='ocrx_word' id='word_1_125' title='bbox 477 2569 587 2666; x_wconf 83' lang='lat' dir='ltr'>longe</span> <span class='ocrx_word' id='word_1_126' title='bbox 607 2571 746 2640; x_wconf 90' lang='lat' dir='ltr'>minori</span> <span class='ocrx_word' id='word_1_127' title='bbox 764 2567 858 2640; x_wconf 87' lang='lat' dir='ltr'>facta</span> <span class='ocrx_word' id='word_1_128' title='bbox 876 2592 918 2639; x_wconf 89' lang='lat' dir='ltr'>ac</span> <span class='ocrx_word' id='word_1_129' title='bbox 936 2566 1131 2668; x_wconf 82' lang='lat' dir='ltr'>languida,</span> <span class='ocrx_word' id='word_1_130' title='bbox 1148 2566 1301 2638; x_wconf 89' lang='lat' dir='ltr'>mentio·</span> 
     </span>
     <span class='ocr_line' id='line_1_20' title="bbox 276 2681 1301 2784; baseline 0.001 -31"><span class='ocrx_word' id='word_1_131' title='bbox 276 2687 277 2692; x_wconf 74' lang='grc'>’</span> <span class='ocrx_word' id='word_1_132' title='bbox 300 2707 388 2753; x_wconf 88' lang='lat' dir='ltr'>nem</span> <span class='ocrx_word' id='word_1_133' title='bbox 406 2681 535 2779; x_wconf 83' lang='lat' dir='ltr'>injicit.</span> <span class='ocrx_word' id='word_1_134' title='bbox 555 2687 629 2756; x_wconf 90' lang='lat' dir='ltr'>Etsi</span> <span class='ocrx_word' id='word_1_135' title='bbox 652 2713 739 2759; x_wconf 91' lang='lat' dir='ltr'>vero</span> <span class='ocrx_word' id='word_1_136' title='bbox 753 2702 912 2784; x_wconf 87' lang='lat' dir='ltr'>uterque</span> <span class='ocrx_word' id='word_1_137' title='bbox 932 2685 1071 2756; x_wconf 88' lang='lat' dir='ltr'>horum</span> <span class='ocrx_word' id='word_1_138' title='bbox 1095 2683 1142 2756; x_wconf 88' lang='lat' dir='ltr'>de</span> <span class='ocrx_word' id='word_1_139' title='bbox 1165 2684 1301 2754; x_wconf 86' lang='lat' dir='ltr'>invete-</span> 
     </span>
     <span class='ocr_line' id='line_1_21' title="bbox 300 2800 1300 2898; baseline 0.001 -29"><span class='ocrx_word' id='word_1_140' title='bbox 300 2802 473 2898; x_wconf 90' lang='lat' dir='ltr'>rato&#39;jam</span> <span class='ocrx_word' id='word_1_141' title='bbox 500 2803 634 2875; x_wconf 90' lang='lat' dir='ltr'>morbo</span> <span class='ocrx_word' id='word_1_142' title='bbox 662 2829 874 2876; x_wconf 87' lang='lat' dir='ltr'>sermonem</span> <span class='ocrx_word' id='word_1_143' title='bbox 901 2820 992 2875; x_wconf 91' lang='lat' dir='ltr'>tunc</span> <span class='ocrx_word' id='word_1_144' title='bbox 1018 2801 1183 2890; x_wconf 88' lang='lat' dir='ltr'>habent,</span> <span class='ocrx_word' id='word_1_145' title='bbox 1202 2800 1300 2871; x_wconf 86' lang='lat' dir='ltr'>alias·</span> 
     </span>
     <span class='ocr_line' id='line_1_22' title="bbox 300 2921 1300 3021; baseline -0.004 -30"><span class='ocrx_word' id='word_1_146' title='bbox 300 2945 374 3018; x_wconf 90' lang='lat' dir='ltr'>que</span> <span class='ocrx_word' id='word_1_147' title='bbox 396 2924 550 3020; x_wconf 89' lang='lat' dir='ltr'>insuper</span> <span class='ocrx_word' id='word_1_148' title='bbox 571 2939 703 3021; x_wconf 83' lang='lat' dir='ltr'>praeter</span> <span class='ocrx_word' id='word_1_149' title='bbox 722 2947 802 2994; x_wconf 85' lang='lat' dir='ltr'>eam</span> <span class='ocrx_word' id='word_1_150' title='bbox 829 2932 943 3020; x_wconf 83' lang='lat' dir='ltr'>quain</span> <span class='ocrx_word' id='word_1_151' title='bbox 969 2921 1154 3006; x_wconf 45' lang='lat' dir='ltr'>diximum</span> <span class='ocrx_word' id='word_1_152' title='bbox 1176 2937 1300 2989; x_wconf 84' lang='lat' dir='ltr'>causas</span> 
     </span>
     <span class='ocr_line' id='line_1_23' title="bbox 299 3035 1298 3137; baseline -0.006 -27"><span class='ocrx_word' id='word_1_153' title='bbox 299 3040 510 3137; x_wconf 80' lang='lat' dir='ltr'>attingunt3</span> <span class='ocrx_word' id='word_1_154' title='bbox 530 3041 622 3112; x_wconf 91' lang='lat' dir='ltr'>nihil</span> <span class='ocrx_word' id='word_1_155' title='bbox 640 3058 766 3114; x_wconf 87' lang='lat' dir='ltr'>tamen</span> <span class='ocrx_word' id='word_1_156' title='bbox 786 3043 876 3114; x_wconf 90' lang='lat' dir='ltr'>satis</span> <span class='ocrx_word' id='word_1_157' title='bbox 894 3038 1048 3112; x_wconf 84' lang='lat' dir='ltr'>fortasse</span> <span class='ocrx_word' id='word_1_158' title='bbox 1064 3035 1191 3108; x_wconf 90' lang='lat' dir='ltr'>obstat</span> <span class='ocrx_word' id='word_1_159' title='bbox 1211 3059 1298 3134; x_wconf 92' lang='lat' dir='ltr'>quo·</span> 
     </span>
     <span class='ocr_line' id='line_1_24' title="bbox 297 3154 1297 3252; baseline -0.003 -26"><span class='ocrx_word' id='word_1_160' title='bbox 297 3159 423 3232; x_wconf 89' lang='lat' dir='ltr'>minus</span> <span class='ocrx_word' id='word_1_161' title='bbox 440 3160 480 3229; x_wconf 92' lang='lat' dir='ltr'>in</span> <span class='ocrx_word' id='word_1_162' title='bbox 501 3160 694 3231; x_wconf 90' lang='lat' dir='ltr'>nonnullis</span> <span class='ocrx_word' id='word_1_163' title='bbox 713 3160 824 3230; x_wconf 92' lang='lat' dir='ltr'>citius</span> <span class='ocrx_word' id='word_1_164' title='bbox 842 3155 973 3232; x_wconf 88' lang='lat' dir='ltr'>eadem</span> <span class='ocrx_word' id='word_1_165' title='bbox 991 3178 1101 3228; x_wconf 88' lang='lat' dir='ltr'>causa</span> <span class='ocrx_word' id='word_1_166' title='bbox 1121 3154 1297 3252; x_wconf 87' lang='lat' dir='ltr'>pulsatio·</span> 
     </span>
     <span class='ocr_line' id='line_1_25' title="bbox 298 3267 1297 3375; baseline -0.006 -31"><span class='ocrx_word' id='word_1_167' title='bbox 298 3299 386 3344; x_wconf 91' lang='lat' dir='ltr'>nem</span> <span class='ocrx_word' id='word_1_168' title='bbox 403 3277 638 3375; x_wconf 85' lang='lat' dir='ltr'>intercipiat,</span> <span class='ocrx_word' id='word_1_169' title='bbox 657 3276 695 3347; x_wconf 91' lang='lat' dir='ltr'>id</span> <span class='ocrx_word' id='word_1_170' title='bbox 717 3292 771 3348; x_wconf 91' lang='lat' dir='ltr'>est</span> <span class='ocrx_word' id='word_1_171' title='bbox 791 3277 857 3374; x_wconf 86' lang='lat' dir='ltr'>qui</span> <span class='ocrx_word' id='word_1_172' title='bbox 873 3275 1024 3346; x_wconf 88' lang='lat' dir='ltr'>demum</span> <span class='ocrx_word' id='word_1_173' title='bbox 1039 3273 1078 3342; x_wconf 90' lang='lat' dir='ltr'>in</span> <span class='ocrx_word' id='word_1_174' title='bbox 1100 3267 1297 3354; x_wconf 83' lang='lat' dir='ltr'>Pauluccii,</span> 
     </span>
     <span class='ocr_line' id='line_1_26' title="bbox 298 3384 1398 3491; baseline -0.008 -28"><span class='ocrx_word' id='word_1_175' title='bbox 298 3407 335 3463; x_wconf 90' lang='lat' dir='ltr'>et</span> <span class='ocrx_word' id='word_1_176' title='bbox 353 3396 552 3464; x_wconf 83' lang='lat' dir='ltr'>Ferrarinii</span> <span class='ocrx_word' id='word_1_177' title='bbox 572 3393 900 3491; x_wconf 88' lang='lat' dir='ltr'>aneurysmatibus</span> <span class='ocrx_word' id='word_1_178' title='bbox 924 3405 1125 3464; x_wconf 84' lang='lat' dir='ltr'>concretus</span> <span class='ocrx_word' id='word_1_179' title='bbox 1154 3384 1299 3486; x_wconf 82' lang='lat' dir='ltr'>sanguis</span> <span class='ocrx_word' id='word_1_180' title='bbox 1397 3412 1398 3426; x_wconf 49' lang='lat'>1</span> 
     </span>
    </p>
   </div>
   <div class='ocr_carea' id='block_1_3' title="bbox 397 3709 1040 4088">
    <p class='ocr_par' dir='ltr' id='par_1_3' title="bbox 399 3709 1040 3885">
     <span class='ocr_line' id='line_1_27' title="bbox 399 3709 1040 3788; baseline -0.003 -22"><span class='ocrx_word' id='word_1_181' title='bbox 399 3712 489 3766; x_wconf 69' lang='lat' dir='ltr'>Mem.</span> <span class='ocrx_word' id='word_1_182' title='bbox 504 3711 668 3788; x_wconf 14' lang='lat' dir='ltr'>depl’Aead.</span> <span class='ocrx_word' id='word_1_183' title='bbox 683 3713 720 3766; x_wconf 89' lang='lat' dir='ltr'>R.</span> <span class='ocrx_word' id='word_1_184' title='bbox 735 3711 786 3769; x_wconf 84' lang='lat' dir='ltr'>des</span> <span class='ocrx_word' id='word_1_185' title='bbox 804 3711 873 3783; x_wconf 63' lang='lat' dir='ltr'>Sc„</span> <span class='ocrx_word' id='word_1_186' title='bbox 888 3709 937 3768; x_wconf 85' lang='lat' dir='ltr'>ari.</span> <span class='ocrx_word' id='word_1_187' title='bbox 953 3725 1040 3783; x_wconf 87' lang='lat'><strong>¹7⁰7·</strong></span> 
     </span>
     <span class='ocr_line' id='line_1_28' title="bbox 399 3811 690 3885; baseline -0.01 -16"><span class='ocrx_word' id='word_1_188' title='bbox 399 3811 492 3885; x_wconf 89' lang='lat' dir='ltr'>Epist.</span> <span class='ocrx_word' id='word_1_189' title='bbox 514 3830 565 3882; x_wconf 88' lang='lat'>17,</span> <span class='ocrx_word' id='word_1_190' title='bbox 588 3831 619 3866; x_wconf 88' lang='lat' dir='ltr'>n.</span> <span class='ocrx_word' id='word_1_191' title='bbox 643 3829 690 3884; x_wconf 81' lang='lat'>29.</span> 
     </span>
    </p>

    <p class='ocr_par' dir='ltr' id='par_1_4' title="bbox 399 3913 572 3977">
     <span class='ocr_line' id='line_1_29' title="bbox 399 3913 572 3977; baseline -0.012 -10"><span class='ocrx_word' id='word_1_192' title='bbox 399 3914 442 3968; x_wconf 91' lang='lat' dir='ltr'>De</span> <span class='ocrx_word' id='word_1_193' title='bbox 457 3913 572 3977; x_wconf 60' lang='lat' dir='ltr'>Aneur,</span> 
     </span>
    </p>

    <p class='ocr_par' dir='ltr' id='par_1_5' title="bbox 397 4010 853 4088">
     <span class='ocr_line' id='line_1_30' title="bbox 397 4010 853 4088; baseline -0.004 -20"><span class='ocrx_word' id='word_1_194' title='bbox 397 4013 509 4088; x_wconf 89' lang='lat' dir='ltr'>Opusc.</span> <span class='ocrx_word' id='word_1_195' title='bbox 519 4011 570 4069; x_wconf 89' lang='lat' dir='ltr'>cit.</span> <span class='ocrx_word' id='word_1_196' title='bbox 584 4027 691 4087; x_wconf 83' lang='lat' dir='ltr'>supra,</span> <span class='ocrx_word' id='word_1_197' title='bbox 705 4010 745 4068; x_wconf 80' lang='lat' dir='ltr'>ad</span> <span class='ocrx_word' id='word_1_198' title='bbox 755 4028 786 4066; x_wconf 88' lang='lat' dir='ltr'>n.</span> <span class='ocrx_word' id='word_1_199' title='bbox 806 4027 853 4066; x_wconf 79' lang='lat' dir='ltr'>ir.</span> 
     </span>
    </p>
   </div>
   <div class='ocr_carea' id='block_1_4' title="bbox 0 0 1414 4662">
    <p class='ocr_par' dir='ltr' id='par_1_6' title="bbox 0 0 1414 4662">
     <span class='ocr_line' id='line_1_31' title="bbox 0 0 1414 4662; baseline 0 4"><span class='ocrx_word' id='word_1_200' title='bbox 0 0 1414 4662; x_wconf 95' lang='lat' dir='ltr'> </span> 
     </span>
    </p>
   </div>
  </div>
 </body>
</html>
