2842 4672
209 498 279 546 m.
308 497 333 544 1.
362 497 408 544 nr
433 495 741 558 nonuncium,
766 497 877 545 erres.
905 489 985 546 xm.
1050 475 1096 575 59

77 614 183 686 rium
202 609 278 708 (ι),
298 608 343 684 iis
369 607 572 682 subnixum
595 609 860 708 experimentis
879 610 925 682 ad
944 610 1099 684 strabis-

81 729 135 802 mi
149 751 326 814 eausam,
340 739 378 800 et
390 723 536 800 facilem
557 751 656 824 saepe
675 723 908 800 curationem
927 743 1099 826 spectan-

83 842 727 942 tibut‚quaedoetrinae‚secundum
739 868 854 942 qnam
866 847 1100 943 scripseram,

85 963 208 1061 magis
235 960 430 1034 communi
450 959 707 1034 adversentur.
734 963 770 1032 Si
792 961 859 1034 tibi
875 1017 884 1050 ‚
902 987 985 1060 qnae
998 962 1104 1038 deest

87 1078 195 1164 mihi,
213 1101 257 1150 ea
271 1073 367 1150 forte
383 1077 491 1175 topia
505 1077 728 1150 strabonum
745 1093 820 1167 est,
835 1094 878 1150 ut
893 1080 973 1175 ejus
983 1081 1103 1177 possis

89 1195 350 1294 experimenta
367 1196 521 1283 iterare3
545 1195 652 1294 quod
668 1197 874 1295 experienti
897 1194 1104 1294 responde·

91 1313 164 1401 bit,
179 1311 222 1386 id
234 1335 402 1411 sequere.
419 1316 489 1387 Fae
507 1327 633 1385 tamen
644 1314 939 1402 animadvertam
956 1313 1004 1385 de
1017 1327 1106 1384 stra-

92 1430 219 1502 bismo
233 1429 383 1517 innato,
395 1443 433 1506 et
443 1429 490 1502 ab
503 1430 654 1502 interna
669 1453 778 1503 eausa
792 1445 878 1502 orto
891 1432 1015 1528 ipsum
1031 1455 1108 1500 ma·

96 1548 389 1646 gisquaesivisse‚
406 1573 522 1645 quam
532 1548 579 1622 de
590 1549 812 1638 adventitio,
824 1550 933 1645 cujns
946 1563 1107 1620 externae

97 1691 177 1764 quae
189 1666 267 1738 sint
280 1689 417 1752 tausae,
436 1663 498 1738 hic
513 1689 533 1736 a
547 1691 607 1739 me
620 1668 810 1766 precipue
822 1669 1020 1766 quaesitum
1034 1681 1109 1754 est,

98 1807 144 1854 ne
163 1785 251 1882 ipso
266 1782 438 1881 quidem,
455 1783 486 1855 si
502 1799 603 1856 recte
619 1785 795 1872 memini,
813 1799 1060 1884 repugnante.

149 1927 206 1978 21.
226 1904 443 1998 ¹Antequam
464 1901 511 1972 de
527 1901 787 1997 lacrymalium
804 1902 950 1972 viarum
968 1899 1112 1972 morbis

103 2018 293 2098 nonnulla
305 2019 503 2115 attingam,
520 2043 669 2116 equum
685 2034 740 2090 est
755 2019 801 2091 de
818 2017 1112 2089 inflammatione

103 2138 235 2212 saltem
261 2159 408 2212 eorneae
431 2136 587 2224 tunicae,
607 2134 764 2233 aliisque
790 2119 870 2233 ejns
891 2136 991 2207 vitiis
1016 2157 1113 2232 quer-

104 2255 191 2328 dam
209 2252 414 2350 subjicere,
431 2251 838 2350 quandointernarum
859 2251 960 2325 oculi
972 2250 1115 2322 inflem-

105 2374 320 2447 rnationum
338 2371 459 2444 nullas
480 2372 520 2444 in
539 2371 789 2470 Sepulchrtto
804 2371 1033 2444 anatomicas
1050 2369 1116 2440 ob·

107 2490 343 2565 servationes
354 2487 417 2560 hie
431 2489 561 2584 video,
579 2515 650 2562 nec
667 2492 747 2588 ipse
762 2489 906 2577 lrabe03
923 2490 995 2561 nisi
1011 2487 1117 2586 quod

108 2607 268 2678 memini
287 2607 326 2678 in
344 2630 437 2679 cane
455 2631 553 2682 caeco
571 2609 731 2680 retinam
751 2609 870 2706 ipsam
886 2606 1022 2678 vidisse
1038 2629 1119 2676 san·

110 2726 310 2823 guineam,
322 2740 361 2798 et
376 2722 493 2800 ferme
510 2725 777 2824 nigricantem,
795 2740 838 2796 ut
851 2739 957 2796 tanto
974 2721 1119 2795 facilius

111 2842 320 2940 intelligam
337 2840 431 2940 quid
444 2843 563 2942 possit
578 2842 748 2916 accidere
761 2841 951 2930 chornidi‚
969 2865 1051 2938 quae
1068 2839 1119 2910 ob
1227 2920 1228 2928 ἵ

113 2958 377 3032 incredibilem
397 2983 572 3036 vasorum
592 2960 874 3033 multitudinem
893 2959 987 3030 milri
1002 2960 1121 3028 inter·
1221 2973 1228 2978 ’

114 3077 207 3152 dum
225 3077 280 3175 (α)
295 3078 356 3150 vel
368 3080 407 3148 in
422 3081 522 3152 sanis
534 3080 655 3152 oculis
667 3078 841 3178 apparuit
855 3073 1123 3174 sanguinolen-
1164 3065 1176 3134 l

114 3211 168 3284 ta,
188 3196 323 3294 illique
339 3197 420 3292 ejus
441 3198 539 3295 parti
555 3214 643 3296 'quae
661 3221 755 3268 uvea
774 3196 930 3282 dicitur,
948 3192 994 3263 de
1016 3191 1123 3285 cujus
1230 3217 1235 3232 ¹

117 3309 425 3390 inflammationis
437 3330 473 3387 et
491 3316 622 3413 signis,
633 3329 669 3386 et
677 3313 865 3412 periculi),
882 3325 920 3382 et
932 3309 1126 3381 curatione

120 3431 256 3519 multa,
270 3445 313 3502 ut
331 3430 488 3519 etlehas,
501 3432 635 3530 paucis
653 3424 1125 3522 docuitssoerlraavir1s(3).

119 3547 194 3622 Sed
207 3572 280 3622 nes
293 3549 333 3623 in
345 3573 490 3622 corneae
502 3547 861 3622 inflammationibus
871 3546 1126 3620 subsistamus.

164 3855 210 3932 (ι)
228 3833 321 3910 Mem.
337 3853 373 3910 de
385 3854 497 3911 l’Acad.
512 3856 545 3910 R.
560 3853 611 3910 des
629 3852 743 3912 Scienc.
765 3874 813 3912 an.
832 3850 918 3924 1745.

166 3952 209 4029 (n)
226 3952 295 4009 Vid.
311 3953 406 4028 Epist.
420 3955 509 4010 linat.
528 3973 577 4025 17,
591 3971 622 4009 n.
638 3972 665 4011 2.

168 4050 211 4129 (3)
230 4053 364 4109 Praelect.
378 4052 410 4107 in
422 4053 519 4109 Instit.
534 4056 549 4125 S
564 4054 631 4120 841.
