2820 4662
305 457 380 541 Διί,
470 475 519 522 na
545 473 692 524 surmus
717 475 761 524 rr
784 468 911 525 causis
936 477 1148 549 ssoraronurs¹

303 587 479 690 pluribus
492 587 628 660 inalias
641 587 1308 694 epistolasrejectisalieuasquidem,

306 708 371 782 sed
393 709 576 792 ineditas,
602 731 649 778 ne
669 703 765 778 forte
787 707 1079 800 interciderent,
1098 719 1308 798 commuui-

305 851 400 900 care.
419 830 474 898 Ne
491 840 618 897 tamen
641 823 678 894 id
702 825 836 922 aegrius
860 823 976 915 ieras,
1002 830 1108 926 quod
1130 831 1306 909 libentius

302 945 463 1017 deberes
481 944 675 1040 accipere,
695 967 789 1040 quas
813 945 1029 1042 subjiciam,
1043 947 1089 1022 ad
1103 973 1222 1026 uuam
1238 977 1319 1032 our-1

301 1087 369 1136 nes
384 1088 429 1135 ex
455 1087 515 1132 me
540 1060 705 1134 habebis.
731 1065 809 1134 Erit
832 1077 957 1136 autem
975 1067 1096 1162 prima
1117 1093 1202 1165 qua
1225 1095 1308 1146 cum

301 1196 496 1281 postremo
516 1180 684 1277 exposita
706 1181 926 1264 conveniat,
953 1181 1030 1254 sive
1049 1207 1170 1260 causae
1192 1213 1307 1286 genus

300 1295 622 1387 velisattendere,
645 1298 719 1369 sive
737 1318 887 1396 gravem
903 1298 942 1370 in
961 1297 1212 1400 deglutitione
1235 1333 1308 1380 mo-

298 1417 462 1504 lestiam,
480 1419 555 1487 sire
569 1416 690 1514 ipsam
708 1415 874 1514 denique
890 1423 1163 1518 aneurysmatis
1182 1425 1306 1502 sedem

300 1549 477 1633 spectare.

348 1678 405 1724 aa.
423 1649 643 1723 Tubicinem
652 1651 791 1724 Patavii
802 1650 878 1724 ridi
890 1665 1016 1745 auno,
1034 1657 1189 1756 opinor,
1204 1661 1303 1758 1723,

298 1795 413 1871 quem
431 1793 491 1843 ars
508 1794 572 1842 sua
586 1769 661 1866 jam
683 1769 828 1867 pridem
849 1771 1063 1867 conjecerat
1083 1775 1124 1851 iu
1145 1800 1304 1877 aneury·

299 1915 359 1963 ma
378 1887 605 1980 insanabile,
635 1887 814 1960 obsidens
832 1892 997 1987 pectoris
1016 1893 1166 1984 intima,
1186 1910 1225 1972 et
1244 1921 1303 1974 su·

297 2011 458 2142 periura.
478 2007 520 2078 ld
548 2031 626 2104 quo
652 2008 769 2104 magis
794 2007 1049 2099 increscebat,
1073 2037 1119 2085 eo
1146 2011 1304 2114 augebat

296 2128 416 2226 magis
432 2123 665 2224 deglutiendi
688 2124 921 2212 molestiam
942 2127 1191 2228 spirandique
1208 2129 1302 2206 diffi-

296 2245 495 2331 cultatem,
512 2244 635 2314 donec
650 2241 751 2316 illius
769 2243 956 2342 primum,
971 2269 1059 2320 mox
1072 2245 1302 2344 hujusomnt

295 2360 494 2435 facultate
485 2346 710 2458 intercepta,
730 2359 951 2436 bominem
942 2367 1145 2460 interemit
1172 2371 1227 2440 Ex
1247 2391 1300 2441 ca

294 2480 429 2554 davere
449 2477 637 2578 quidquid
661 2477 768 2552 sedes
791 2479 917 2553 morbi
946 2453 1110 2571 luerats
1101 2509 1141 2558 m
1165 2477 1299 2558 theatri

293 2599 494 2670 anatomici
510 2598 646 2668 atrium
658 2622 744 2671 curn
761 2598 907 2671 illatum
923 2617 1037 2691 esset,
1051 2627 1190 2678 ‚arcum
1208 2603 1299 2680 vidi-¹

292 2745 378 2792 mus
396 2721 537 2790 arteriae
563 2741 706 2816 maguoe
730 2735 817 2794 cum
845 2743 952 2793 ramo
970 2723 1037 2794 illo
1062 2723 1207 2823 insigni
1235 2725 1298 2822 qui

293 2838 451 2910 dexterae
475 2835 669 2909 subclaviae
686 2853 724 2910 et
745 2838 903 2910 carotidi
923 2840 1117 2938 originem¹
1137 2841 1296 2940 praehet,

289 2959 340 3030 ita
369 2956 587 3044 dilatatum,
613 2971 657 3026 ut
681 2979 850 3055 asperam
875 2960 1067 3042 arteriam,
1093 2960 1297 3058 gulamque

291 3075 568 3175 comprimeret.
593 3072 706 3163 Quod
731 3096 953 3172 aneurysma
978 3096 1063 3147 cum
1081 3075 1136 3147 ibi
1155 3090 1295 3152 secaret

290 3195 412 3268 clarus
430 3193 612 3290 Vulpius,
629 3191 798 3263 intimam
817 3188 1059 3270 illiusfacicm
1073 3205 1295 3292 occupatam

289 3313 468 3411 conspexi
483 3311 665 3412 polyposa
674 3311 919 3410 concretione
929 3311 1175 3400 crassissima,
1189 3313 1294 3407 cujus
1335 3289 1339 3297 Ι

289 3447 475 3506 structura
492 3429 646 3528 quidem
675 3431 715 3500 in
742 3449 789 3502 eo
814 3445 894 3502 erat
916 3429 1048 3501 similis
1072 3445 1293 3502 caeterarum

287 3574 380 3650 quas
393 3564 502 3620 autea
518 3547 703 3634 videram,
719 3562 762 3628 ut
780 3547 888 3646 caepa
904 3547 1033 3619 instar.
1049 3547 1191 3620 resolvi
1206 3569 1291 3646 pos·

287 3683 344 3743 set
357 3670 396 3739 in
407 3668 725 3754 laminascurvas,
745 3690 906 3764 quarum
924 3666 1003 3740 uliae
1017 3665 1107 3744 alias
1120 3688 1290 3763 oomprs·

285 3787 517 3873 henderent,
536 3784 749 3857 substantiae
763 3809 852 3858 vero
867 3809 1110 3917 parsmagna
1121 3799 1202 3860 erat
1218 3783 1290 3860 du·

285 3932 344 3995 ra,
358 3933 404 3978 ex
419 3904 584 4001 alboque
604 3901 788 3993 subflava,
801 3919 844 3978 ut
861 3903 956 3977 nibil
975 3904 1095 4002 magis
1110 3900 1287 3988 referret,

285 4048 399 4121 quam
416 4021 592 4093 duratum
611 4019 753 4092 sebum
