2766 4670
394 925 467 996 An
504 927 731 996 AMICUM

61 1147 331 1232 EPISTOLA
363 1067 943 1234 ANATOMICO-Mssnlci
969 1153 1063 1232 XV.

65 1381 245 1453 Scribitur
263 1379 311 1452 de
342 1386 599 1481 Respiratione
624 1379 714 1454 laesa
729 1406 754 1451 o
773 1387 893 1454 causis
908 1388 1065 1480 potissi-

67 1582 70 1593 *
107 1523 211 1568 mum
237 1513 347 1568 extra
374 1499 562 1570 thoracem
572 1505 732 1597 positis,⁸
751 1499 819 1571 sed
831 1515 869 1570 et
892 1526 917 1570 a
929 1505 1066 1600 positis

108 1620 209 1686 intra
219 1615 439 1713 pulmones,
461 1615 613 1690 calculis
623 1623 842 1715 prccsertr'm.

68 1832 175 1958 Ersr
195 1888 318 1960 multo
337 1891 534 1988 pauciores
551 1889 592 1957 in
612 1885 785 1976 thorace,
805 1909 918 1983 quam
941 1888 980 1956 in
1003 1911 1064 1984 00-

69 2006 255 2100 pite,sunt
271 2020 415 2105 partes,
432 2030 558 2102 neque
576 2005 673 2076 iniis
684 2004 776 2093 ulla,
793 2003 899 2099 cnjus
914 2000 1066 2094 fabrica,

72 2134 103 2190 et
117 2119 264 2194 iabricae
286 2147 445 2195 munera
466 2124 571 2194 caecis
597 2123 671 2194 sint
689 2120 856 2194 tenebris
878 2121 1067 2212 involuta,

74 2236 158 2310 siout
184 2255 242 2311 est
273 2219 490 2328 cerebrum3
519 2254 644 2310 tamen
672 2238 771 2309 inter
794 2261 931 2335 paucas
956 2237 1066 2312 hasce

71 2371 187 2450 partes
204 2371 380 2428 tantaest
397 2358 474 2453 sive
490 2355 540 2428 01)
558 2357 808 2445 vicinitatem,
829 2359 904 2427 sive
926 2357 976 2428 01)
1000 2367 1066 2428 00-

72 2495 150 2544 xum
162 2529 177 2564 ‚
191 2475 267 2546 sive
280 2474 330 2545 01)
342 2471 466 2562 officia
479 2474 698 2570 conjunctio
710 2528 720 2563 ,
730 2487 772 2544 ut
788 2498 862 2543 una
877 2473 978 2561 laesa,
992 2473 1069 2570 ple-

73 2613 226 2690 rumque
245 2608 382 2664 caeterae
395 2591 587 2664 laedantur.
606 2594 695 2681 Quae
706 2615 765 2663 res
782 2590 875 2661 mihi
891 2616 910 2660 a
926 2590 1069 2664 morbis

77 2711 198 2806 capitis
208 2709 255 2780 ad
266 2697 430 2781 thoracis
440 2707 610 2796 morbOS‚
621 2708 837 2804 horumque
853 2706 959 2779 sedes
973 2721 1070 2778 tran·

78 2829 191 2898 seunti
208 2851 382 2926 magnam
399 2825 574 2914 afferret,'
588 2850 746 2923 eamque
762 2823 1084 2898 haudraroinsu·'

78 2943 274 3036 perabilcm
293 2941 571 3031 difficultatem,
584 2967 670 3015 cum
687 2946 726 3013 in
739 2939 882 3013 'morbo
901 2942 1073 3039 principe

79 3081 95 3127 a
109 3061 321 3157 conjunctis
339 3063 495 3159 reliquis
516 3059 746 3160 separand0‚
761 3075 841 3130 tum
853 3059 892 3127 in
906 3058 986 3152 ejus
994 3045 1072 3154 pri-

78 3197 130 3246 ma
146 3177 255 3266 sede,
273 3203 316 3249 00
333 3181 522 3277 praecipna
539 3175 775 3264 definienda,
794 3176 865 3246 nisi
873 3173 921 3245 ad
933 3189 969 3244 te
985 3175 1073 3245 scri-

78 3287 219 3383 berem,
241 3297 308 3392 qui
322 3312 364 3368 ut
378 3321 473 3396 saepe
489 3298 528 3367 in
543 3295 645 3383 aliis,
660 3296 710 3365 ita
727 3296 766 3363 in
780 3291 851 3363 hac
865 3317 906 3364 re
917 3317 1072 3391 quoque

79 3410 167 3482 nihil
184 3438 205 3482 a
220 3438 279 3484 me
290 3413 362 3483 nisi
371 3410 607 3511 probabilem
621 3411 878 3508 conjecturam
892 3413 1072 3508 requires.

80 3528 150 3601 Usu
176 3530 214 3601 id
239 3530 365 3602 veniet
385 3531 544 3601 maxime
567 3531 607 3600 in
633 3531 880 3628 respiratione
906 3529 1006 3616 laesa,
1028 3529 1074 3601 de

81 3667 147 3740 qua
162 3648 286 3745 *prima
306 3652 339 3717 II
360 3649 447 3720 libri
475 3645 710 3745 Sepulchreti
732 3648 933 3719 anatomici
960 3648 1076 3718 sectio'

83 3778 139 3834 est.
150 3769 243 3836 Nam
257 3781 506 3864 praeterquam
522 3765 627 3863 quod
635 3764 804 3862 morbus,
816 3767 918 3836 illam
930 3764 1079 3853 1001000,

81 3879 182 3953 simul
197 3885 235 3952 in
253 3879 520 3980 pulmonibus,
539 3881 650 3953 simul
666 3883 705 3951 in
716 3881 785 3951 alia
797 3879 960 3951 thoracis
972 3893 1076 3974 parte

81 4017 150 4072 esse
166 4015 308 4100 potest,
322 4000 513 4073 interdum
523 3998 680 4091 accidit,
696 4013 740 4073 ut
755 3997 866 4074 simul
881 3998 920 4067 in
930 3995 1078 4094 pulmo-
