2842 4672
292 432 333 478 12
452 429 498 476 DE
525 419 670 476 sumnus
695 427 739 474 ΕΤ
764 423 889 474 caus1s
913 422 1121 474 MORBORUM

286 541 341 610 vis
358 563 502 636 paucos
519 541 794 628 interemerint,
814 539 910 610 sicut
926 535 1209 612 historicameae
1222 537 1295 608 Pa·
1348 617 1350 622 ,

287 658 365 728 triae
386 670 632 728 monumenta
653 655 708 752 (ι)
726 669 921 728 testantur.

339 773 369 848 5.
392 781 579 846 Hactenus
595 774 673 844 sine
689 773 895 850 humorum
908 796 951 844 ex
968 769 1125 842 cerebro
1137 767 1297 844 defluxu

287 893 512 992 explicatum
530 889 654 962 vidisti
677 889 910 980 catarrhum,
934 889 981 960 de
1007 913 1084 986 quo
1102 888 1217 963 sectio
1237 903 1297 962 est

288 1006 522 1107 Sepulchreti
544 1011 658 1078 XVII.
681 1011 791 1080 Nunc
810 1007 996 1098 attendes,
1017 1031 1110 1076 num
1130 1019 1176 1076 'eo
1196 1003 1297 1092 forte
1385 1009 1392 1029 '

288 1124 442 1198 defluxu
456 1140 608 1196 utamur
628 1127 667 1202 iu
692 1125 921 1223 explicandis
937 1124 1135 1219 oculorum
1153 1120 1297 1196 affecti-

287 1242 375 1329 buS,
396 1241 603 1342 dequibus
620 1257 674 1314 est
691 1245 813 1312 XVIII
831 1245 870 1312 in
888 1267 1009 1340 eoque
1026 1241 1229 1338 praesertim
1246 1240 1298 1312 ad

289 1384 402 1458 quem
423 1360 552 1457 primae
569 1359 728 1430 attinent
741 1358 1041 1444 observationes,
1068 1360 1298 1432 amaurosim

288 1474 373 1546 dico
392 1502 399 1543 :
420 1501 533 1572 quam
555 1475 645 1547 olim
670 1474 822 1550 barbari
849 1473 1116 1574 appellitabant
1142 1479 1299 1548 Guttam

283 1618 474 1692 *serenam5
485 1619 651 1689 serenam
665 1592 819 1690 quidem
831 1619 875 1664 ex
888 1617 933 1664 eo
950 1590 1055 1689 quod
1066 1591 1186 1662 claros
1202 1591 1305 1680 ocu-¹

289 1710 346 1782 los
365 1726 456 1782 tunc
472 1710 663 1798 videmus,
681 1735 724 1782 ac
743 1711 822 1781 sine
836 1710 913 1780 ullo
932 1709 1037 1806 quod
1054 1707 1123 1780 sub
1144 1732 1299 1780 sensum

291 1827 414 1915 cadat,
433 1829 545 1916 vitiu,
571 1829 601 1898 si
617 1828 800 1926 pupillam
818 1828 979 1925 excipias
996 1826 1221 1924 plerumque
1239 1849 1298 1898 so·

293 1939 361 2012 lito
381 1942 563 2036 majorem
574 1995 593 2048 ’.
603 1938 736 2012 et'fere
758 1939 1013 2028 immobilem;
1037 1947 1188 2012 Guttam
1204 1965 1298 2014 vero

269 2059 396 2159 gquod
427 2085 472 2129 ex
499 2057 655 2130 cerebro
681 2060 719 2128 in
751 2083 887 2148 nervos
920 2061 1066 2155 opticos
1095 2058 1298 2131 obstruen-

292 2192 368 2250 tem
401 2179 545 2247 irruere
567 2174 769 2246 humorem
790 2175 931 2246 medici
949 2201 1028 2247 non
1056 2175 1295 2262 dubitabant,

291 2295 395 2366 unde
412 2296 522 2364 etiam
539 2292 643 2390 quod
660 2307 815 2390 repente
833 2293 895 2366 hic
913 2291 1068 2367 affectus
1082 2296 1297 2394 ingrueret,

174 2411 176 2416 ’
245 2447 246 2450 ¹
292 2409 540 2481 deducebant.
559 2412 732 2498 Quorum
753 2425 931 2481 neutrum
950 2427 1005 2484 est
1019 2413 1298 2501 necessarium;

291 2553 378 2599 nam
390 2528 526 2599 sensim
541 2551 694 2624 quoque
710 2527 895 2617 accidere,
911 2532 1099 2602 Brunueri
1112 2529 1299 2628 (affluu-

290 2645 344 2717 bii
362 2643 432 2742 (3),
456 2644 738 2716 Kaltschmiedii
757 2643 810 2742 (Δ)
833 2645 1115 2732 observationes
1140 2648 1298 2733 docent,

291 2778 425 2865 praeter
447 2763 550 2851 alias,
577 2787 739 2860 quarum
759 2762 851 2835 duas
876 2763 992 2836 habes
1010 2766 1050 2834 in
1069 2765 1300 2863 Sepulchre-

291 2895 331 2950 to
347 2878 420 2978 (5),
437 2881 476 2949 in
494 2879 633 2976 quibus
649 2883 678 2953 si
696 2896 874 2981 praeterea
891 2877 1065 2952 naturam
1085 2880 1300 2978 perpende.-
1412 2865 1415 2872 ’

292 2999 343 3070 ris
369 2997 518 3069 illarum
542 2987 738 3070 causarum
757 3025 839 3096 quae
856 2981 1082 3071 amaurosim
1106 2979 1298 3088 fecerunt,

292 3115 351 3196 vel
369 3139 410 3184 ea
430 3112 645 3185 confirmari
662 3115 701 3185 id
719 3115 823 3213 quod
844 3116 945 3205 dicu,
964 3114 1069 3188 facilc
1084 3116 1297 3215 intelliges:

294 3247 331 3304 et
350 3234 422 3340 qui·
436 3233 536 3302 iuter
554 3230 669 3328 hujus
683 3230 838 3306 affectus
854 3257 981 3307 causas
995 3209 1114 3334 ielint
1133 3235 1301 3331 aliquan-

349 3567 377 3647 1)
396 3565 545 3626 Marchesi
559 3571 711 3646 Supplem.
726 3573 813 3628 Istor.
826 3572 858 3628 di
866 3575 956 3632 Forli.
968 3575 989 3631 l.
1002 3573 1038 3645 6,
1053 3571 1102 3630 all'
1112 3591 1159 3629 au.
1178 3569 1265 3643 1387·
1338 3621 1340 3624 .

366 3669 378 3746 )
399 3667 476 3744 Eph.
488 3672 526 3727 N.
542 3671 574 3727 C.
585 3672 669 3727 Ceut.
687 3691 718 3741 1,
733 3672 799 3728 obs.
816 3671 864 3747 69.

365 3767 376 3846 )
397 3768 537 3824 Earumd.
551 3770 635 3825 Ceut.
651 3789 683 3842 7,
697 3771 760 3827 obs.
776 3773 823 3846 39.

366 3869 377 3945 l

366 3969 378 4043 l

399 3871 503 3945 Progr.
518 3869 555 3926 de
568 3870 674 3930 Nervis
686 3871 787 3947 Optic.
802 3879 859 3927 etc.

399 3969 470 4028 Obs.
493 3989 505 4026 1
522 3979 550 4058 et
567 3967 594 4026 5.

332 3568 344 3646 l

334 3669 363 3746 (a

318 3767 362 3843 ,(3

334 3868 363 3942 (a

334 3967 364 4044 (5
