2832 4662
310 409 381 510 596
473 433 520 480 nr
546 431 692 481 surmus
717 431 761 480 nr
786 428 908 480 causis
934 428 1141 478 nonronun
1249 426 1261 448 ⁴

357 553 414 634 42.
437 551 527 618 Osse
548 548 587 617 in
609 546 729 634 liene,
749 560 790 617 et
802 545 935 640 majori
954 545 995 614 in
1013 544 1160 616 sinistro
1173 557 1278 614 contra

307 681 421 767 atque
438 665 600 735 inveniri
613 663 725 752 solet,
742 687 856 760 quam
875 663 915 732 in
934 661 1091 735 dextero
1109 661 1278 760 pulmone,

306 781 484 858 tuborum
499 805 660 852 numero
674 780 736 850 hic
752 781 917 866 omissis,
938 794 1120 878 tanquam
1137 781 1201 851 alio
1212 803 1279 876 per-

305 899 538 985 tinentibus3
571 900 660 970 nisi
672 895 767 970 forte
796 896 847 969 ob
873 895 1201 970 inflammationem
1222 911 1280 966 tres

306 1015 451 1089 dexteri
481 1017 675 1119 pulmonis
697 1015 808 1086 lobi'
799 1041 855 1086 in
868 1040 990 1087 unum
1011 1017 1186 1088 coaluisse
1203 1012 1280 1084 vide·

303 1132 461 1205 bantur·
453 1132 650 1231 ,praeclare
664 1103 858 1230 intelligis,
870 1157 956 1204 cum
967 1132 1051 1204 illa
1042 1159 1083 1205 1n
1096 1132 1281 1264 sphaeelnm

306 1251 422 1348 coepit
443 1250 694 1346 degenerare,
705 1275 796 1322 eam
815 1249 958 1324 doloris
979 1252 1227 1324 remissionem
1242 1271 1282 1319 se·

305 1383 451 1456 cutam,
473 1391 556 1464 quae
580 1367 775 1438 interdum
801 1368 956 1440 medicis
976 1367 1215 1466 quibusdam,
1231 1389 1281 1434 ce-

300 1499 384 1584 tera
401 1509 480 1555 non
496 1485 800 1575 attendentibus,
817 1487 979 1584 turpiter
995 1488 1191 1586 imposuit,
1206 1484 1283 1555 utin

303 1603 470 1674 sectione
496 1600 570 1672 bac
596 1601 930 1700 Sepulchreti(1)
959 1605 1071 1676 etiam
1100 1604 1206 1676 vides.
1232 1598 1283 1670 Sed

301 1721 525 1818 priusquam
544 1720 591 1790 ad
612 1719 832 1818 sphacelum
856 1720 960 1792 fibrae
985 1722 1235 1822 quadantenus
1247 1718 1284 1787 la-

303 1853 504 1928 narentur,
528 1837 782 1912 inflammatus
800 1841 916 1937 isqui
935 1840 1078 1939 pleurae
1105 1841 1229 1913 arctius
1238 1835 1284 1906 ad·

302 1954 479 2045 haeserat,
492 1957 638 2054 pulmo,
651 1959 771 2054 ipsam
788 1957 1123 2049 adeo-divellebat,
1140 1973 1180 2030 ut
1190 1978 1282 2055 prop-

301 2085 360 2144 ter
380 2071 523 2144 doloris
548 2075 625 2144 vim
651 2099 730 2145 non
758 2089 886 2173 posset
910 2077 1109 2148 mulierid
1131 2077 1218 2147 letus
1233 2095 1281 2142 cu·

300 2188 430 2262 bando
443 2215 635 2289 premere,
654 2191 760 2290 quod
774 2193 915 2281 caeteri,
929 2217 1018 2266 ,cum
1041 2192 1182 2268 doloris
1189 2186 1284 2262 nehe-
1300 2201 1307 2218 ·

301 2309 442 2380 mentia
459 2333 537 2380 non
550 2325 654 2380 tanta
671 2325 746 2399 est,
765 2335 937 2409 premere
947 2305 1174 2411 plerumque
1190 2308 1284 2381 solent

300 2427 647 2523 peripneumonici,
663 2428 764 2526 iique
794 2430 999 2527 praesertim
1013 2430 1156 2527 quibus
1172 2427 1285 2528 pariter

302 2542 349 2612 ad
358 2543 528 2638 pleuram
544 2569 713 2617 annexus
723 2561 778 2618 est
792 2547 933 2644 pulmo.
948 2548 1051 2638 Quin
1062 2551 1174 2620 etiam
1181 2544 1229 2617 illi
1236 2539 1284 2640 qui

300 2660 477 2749 vetustis,
497 2662 790 2762 recentibusque
817 2665 1055 2764 temporibus
1089 2668 1222 2766 pleurae
1242 2661 1283 2728 in·

302 2773 595 2851 flammationem
617 2781 695 2853 sine
718 2778 911 2878 pulmonis
925 2781 1219 2864 inflammatione
1234 2801 1283 2849 sa

301 2893 452 2991 pissime
485 2895 675 2985 accidere,
707 2923 787 2969 non
823 2899 1066 2990 dubitabant,
1103 2892 1282 2999 pleuriticis

300 3010 512 3083 decubitum
532 3020 570 3084 in
591 3013 1135 3112 latusinflammatumfizcilem
1155 3040 1223 3088 esse
1232 3010 1283 3080 do·

303 3145 484 3219 cuerunt3
498 3137 535 3200 t'n
547 3157 617 3202 sua
629 3138 725 3204 enim
747 3138 861 3230 psius
881 3135 968 3206 sede
984 3135 998 3232 (
1014 3132 1206 3234 pleuram)
1226 3125 1283 3200 eol·

302 3244 445 3318 locari:
460 3254 498 3317 in
511 3255 725 3348 oppositam
740 3275 825 3322 vero
840 3267 992 3349 partem
1005 3251 1217 3325 decubitum
1229 3244 1283 3316 do·

315 3386 417 3433 orem
431 3370 639 3452 concitare,
652 3391 677 3436 a
688 3366 859 3464 pondere
877 3373 994 3457 enim,
1012 3384 1050 3441 et
1054 3369 1280 3468 phlegmone,

300 3494 338 3548 et
346 3486 583 3578 suspensione
596 3486 633 3552 in
649 3487 1008 3556 omnesmembranae
1020 3483 1205 3586 (pleuros)
1218 3501 1283 3552 eon·

300 3601 423 3667 tinuos
433 3599 598 3695 partes...
616 3599 786 3672 dolorem
790 3601 984 3700 protendi.
1002 3605 1093 3694 Quae
1113 3601 1238 3685 verba,
1249 3607 1282 3666 vet
1314 3631 1321 3643 ’
1373 3615 1374 3620 ’

379 3773 388 3791 ·
956 3753 959 3758 i

290 3807 1277 3842 W
1373 3823 1374 3828 ,

339 3966 383 4045 (1)
404 3970 476 4028 Obs.
492 3988 540 4028 aa.
596 3989 614 4026 .’
