2750 4658
304 445 374 531 alo
469 463 516 512 na
542 463 697 528 sannaus
712 425 908 514 arcensis
931 465 1141 516 uoraoeuu

301 579 586 652 merbroeckius
600 603 645 650 ex
658 579 933 652 recentioribus
944 580 1092 678 plures,
1105 607 1150 654 ex
1171 582 1303 681 quibus

301 713 344 769 ut
370 698 444 768 hoc
469 695 633 794 probant
661 720 812 784 omnes,
837 697 887 766 ita
911 695 1006 768 illud
1033 699 1150 796 aliqui
1175 697 1304 771 confir·

300 831 405 887 mant
431 829 632 912 propterea
654 814 744 910 quia
764 835 900 909 magna
919 812 1177 912 diuturnaque
1200 819 1303 916 copia

301 931 470 1028 undique
495 931 667 1002 alluentis
689 953 794 1028 aquae
820 927 1004 1001 librarum
1031 931 1157 1003 cordis
1174 948 1301 1010 tonum

302 1066 338 1122 et
363 1049 483 1120 robur
511 1045 665 1144 infringi
697 1047 840 1144 potius,
866 1046 1063 1144 minuique
1089 1074 1170 1120 non
1199 1050 1301 1122 dubi-

301 1183 390 1239 tant.
413 1171 551 1236 Verum
570 1179 607 1236 et
627 1163 908 1236 observationes
928 1179 1016 1236 suut
1034 1165 1158 1238 cordis
1175 1169 1218 1238 in
1234 1167 1300 1240 hoc

300 1283 473 1380 hydrope
490 1307 566 1352 non
579 1281 739 1352 vellicati
756 1281 891 1370 mod0,
910 1280 975 1353 sed
991 1297 1028 1354 et
1040 1284 1159 1372 exesi,
1172 1285 1214 1354 in
1228 1287 1300 1383 qui·

300 1400 373 1472 bus
394 1399 497 1470 nulla
517 1398 772 1497 palpitationis
792 1396 834 1471 fit
859 1399 1023 1488 mentio,
1046 1400 1199 1496 qualem
1218 1427 1301 1500 pro-

301 1505 477 1588 duximus
490 1541 602 1614 supra
621 1516 693 1612 (1),
707 1515 912 1614 qualesque
929 1518 1006 1586 imo
1026 1517 1299 1614 spectabiliores

300 1636 340 1705 in
355 1639 525 1706 Caesareae
539 1635 734 1706 academiae
749 1636 925 1705 Centuria
939 1639 991 1704 111
1010 1648 1046 1706 et
1065 1639 1116 1708 IV
1126 1634 1196 1732 (a),
1216 1639 1298 1709 etin

300 1753 546 1852 Sepulchreto
568 1753 650 1850 ipso
676 1752 730 1848 (3)
756 1753 941 1850 reperies,
960 1765 1196 1850 praeteream
1222 1779 1297 1852 quae

193 1951 195 1956 ,
300 1895 412 1969 supra
431 1871 485 1967 (4)
502 1869 665 1941 indicata
683 1884 739 1940 est
756 1897 763 1938 :
783 1871 822 1938 in
843 1869 984 1967 quibus
1006 1871 1036 1942 si
1054 1867 1149 1944 forte
1164 1872 1296 1943 erosio-

299 2013 387 2061 nem
413 1990 536 2087 specie
554 1988 687 2084 magis,
711 2011 826 2084 quam
845 2011 905 2076 re,
929 1985 1041 2060 fuisse
1049 2007 1062 2075 ,·
1082 1990 1277 2087 suspiceris
1286 2015 1299 2077 3.

298 2121 336 2178 at
358 2105 634 2187 vellicationem
658 2103 807 2190 saltem,
833 2104 1089 2178 molestiamve
1113 2129 1135 2176 a
1160 2107 1294 2178 circum

297 2225 461 2296 haerente
490 2224 643 2294 materia
669 2222 776 2294 cordi
801 2221 902 2294 haud
933 2220 1113 2309 defuisse,
1142 2221 1293 2296 fatearis.

299 2347 512 2413 Innumerae
525 2355 649 2412 autem
665 2338 946 2412 observationes
959 2331 1061 2425 sunt,
1074 2341 1182 2437 quod
1196 2344 1294 2440 igno·

297 2475 356 2531 rat
372 2483 507 2545 nem0,
525 2458 565 2526 in
584 2456 723 2554 quibus
747 2480 832 2527 cum
850 2456 1101 2555 pericardium
1121 2481 1222 2555 aqua
1243 2483 1293 2530 ca·

297 2590 415 2662 reret,
445 2575 556 2671 longe
585 2574 696 2660 alios,
720 2573 917 2671 variosque
944 2574 1100 2647 morbos
1127 2578 1293 2646 comitata

299 2707 378 2764 erat
397 2690 520 2762 cordis
530 2690 734 2788 palpitatio.
755 2693 870 2787 Cujus
882 2693 939 2762 rei
953 2693 1168 2766 meminisse
1186 2718 1291 2792 opor·

297 2825 350 2882 tet
365 2808 684 2907 quandocumque
698 2809 777 2880 noc
797 2824 1007 2907 symptoma
1027 2835 1113 2882 cum
1136 2813 1292 2908 pericar-

296 2927 350 3000 dii
367 2927 538 3026 hydrope
567 2930 817 3022 conjunctum
832 2927 980 3024 legitur.
1001 2928 1154 3024 Legitur
1174 2942 1291 2998 autem

294 3070 469 3144 persaepe.
486 3048 651 3131 Nam,ut
669 3044 749 3116 aliis
769 3068 848 3115 non
861 3059 1012 3114 utamur
1028 3045 1229 3142 exemplis,
1240 3043 1289 3114 ni·

295 3166 325 3235 si
342 3190 424 3262 quae
441 3165 480 3235 in
494 3160 750 3234 voluminibus
765 3177 936 3260 prostant
954 3143 1111 3234 laudat'ae
1126 3168 1289 3234 Caesareae

295 3280 511 3368 academiae,
529 3280 704 3377 nequein
716 3278 1006 3378 Sepulchretum
1019 3277 1151 3352 referri
1162 3295 1287 3377 potue·
