2832 4662
308 443 381 518 616
476 467 523 514 nn
550 465 769 516 snmnusnr
795 463 921 515 causis
949 461 1155 516 nonnonun

309 581 387 671 bat,
398 596 592 680 patronus,
604 579 829 655 Benedictus
840 581 939 670 XlV,
950 579 1292 680 pontifexmaximns.
1384 593 1385 668 ξ

312 705 384 772 Fac
411 701 535 789 enim,
551 699 715 797 aliquos,
735 714 778 772 ut
802 698 906 770 haud
925 699 1045 772 semel
1061 725 1131 799 ego
1150 697 1232 786 vidi,
1247 696 1294 768 vel

232 877 239 906 ,
317 817 485 892 celebres
504 821 545 892 in
567 818 704 916 vulgus
722 815 909 907 medicos,-
933 819 973 888 in
996 819 1104 917 aegris
1124 815 1295 892 invisendis

315 939 497 1028 multum,
510 938 551 1008 in
564 935 807 1010 cadaveribus
820 951 947 1010 autem
961 935 1250 1037 introspiciendis
1259 933 1296 1004 le

315 1057 430 1145 viter,
448 1070 512 1128 aut
528 1054 625 1127 nihil
641 1055 884 1144 exercitatos,
897 1053 1065 1130 hominis
1076 1057 1143 1156 qui
1156 1079 1226 1126 non
1236 1053 1295 1124 sine

318 1171 531 1273 pleuritidis
565 1174 679 1270 signis
711 1171 864 1262 obierit,
892 1173 1111 1248 dissectioni
1132 1175 1297 1254 interesse,

315 1315 388 1392 per
404 1292 665 1388 inexpertum,¹
680 1306 722 1362 ut
738 1315 834 1390 saepe
852 1291 1007 1380 accidit,
1026 1291 1235 1390 chirurgum
1245 1290 1300 1358 ins

318 1409 454 1495 titutae,
472 1408 562 1484 huic
577 1423 704 1480 autem
723 1409 952 1508 pulmonem
973 1435 993 1482 a
1012 1410 1146 1508 pleura
1163 1431 1300 1482 remove·

319 1549 361 1600 re
373 1527 526 1610 conanti
542 1525 582 1598 id
595 1527 816 1626 contingere
834 1529 939 1626 quod
957 1530 998 1599 in
1013 1527 1086 1600 hac
1105 1520 1299 1618 muliere(1]2

321 1647 442 1720 autin
461 1646 525 1717 illa
548 1647 693 1744 virgine
712 1645 786 1742 (a),
813 1663 854 1720 ut
870 1647 1043 1746 disrupto
1069 1660 1219 1746 repente
1238 1641 1301 1714 abs·

310 1779 430 1836 'cessu
449 1763 488 1832 in
511 1778 673 1862 caparte.
688 1763 901 1861 pulmonis,
922 1791 1005 1862 quac
1027 1768 1164 1839 arctius
1189 1763 1300 1861 pleure
1384 1813 1385 1832 t

316 1878 434 1966 ⁴affirm
448 1877 578 1970 fuerit,
592 1906 663 1978 pus
680 1897 872 1981 erumpat3
886 1884 992 1980 puris
1011 1909 1126 1972 vero,
1144 1897 1179 1954 et
1196 1879 1302 1952 dilace-
1384 1943 1385 1988 ἶ

200 2027 209 2036 ²
322 2012 409 2070 ratae
435 1999 570 2070 annexi
591 1999 784 2096 pulmonis
811 2001 1048 2098 reliquiaead
1077 1999 1255 2098 plemam,
1271 2004 1302 2064 ut

208 2182 214 2198 ,
323 2116 463 2205 solent,
481 2117 675 2189 etiamtum
687 2131 830 2188 restent
839 2115 1090 2208 adhaerentes,
1103 2112 1301 2211 cumpulmo

323 2234 516 2330 reliquus,
533 2237 668 2308 emisso
684 2259 779 2332 pure
801 2237 925 2308 statim
943 2226 1168 2322 concidenS,
1185 2230 1303 2302 absces·
1384 2245 1385 2252 ’

324 2375 386 2424 sus
415 2376 548 2436 cavum
566 2353 813 2442 contraxerit,
834 2369 874 2431 ¹et
892 2351 969 2428 fere
989 2349 1243 2450 occultaverim
1256 2354 1303 2414 aut

325 2468 456 2566 siquid
470 2467 586 2566 hujus
601 2449 789 2556 ostendat,
806 2451 984 2542 effectum
999 2471 1130 2568 potius
1140 2483 1176 2542 et
1186 2477 1303 2564 partem

325 2585 520 2679 cujusdam
547 2588 710 2684 proximi
737 2589 777 2657 in
801 2588 935 2687 pleura,
955 2587 1152 2686 suppurati
1176 2575 1305 2655 tumoris
1384 2585 1385 2590 ’

325 2701 524 2774 ostendere
538 2703 720 2776 videatur.
742 2705 829 2776 Noli
847 2702 1021 2778 dubitare
1039 2706 1138 2801 'quin
1151 2699 1303 2772 continuo

314 2819 622 2915 pronuncietur,
652 2822 740 2894 satis
763 2847 843 2896 esse
863 2824 1079 2920 quesitum,
1097 2807 1305 2919 pleuramab
1384 2879 1385 2882 ,

325 2961 364 3008 se
392 2937 585 3016 evidenter
614 2954 855 3038 conspectam
882 2937 1150 3038 putrefactam,
1176 2951 1317 3026 corrup.
1384 2993 1385 3012 ,

324 3071 425 3148 tam,
458 3071 495 3130 et
526 3058 685 3131 collecto
712 3083 807 3158 pure
837 3075 1069 3146 manantem,
1097 3052 1307 3156 praejudicata
1384 3043 1385 3092 t

326 3176 506 3273 opinione
520 3176 664 3250 nullam
681 3178 821 3250 erroris
841 3179 1096 3276 suspicionem
1115 3175 1307 3268 relinquen·

315 3306 384 3372 .te:
402 3295 466 3391 qui
485 3317 670 3392 perquam
688 3292 794 3366 facile
814 3297 925 3368 vitari
936 3296 1139 3394 potuisset,
1157 3289 1220 3362 ubi
1242 3281 1307 3356 reli-

327 3410 426 3506 quiis
452 3410 544 3500 illis,
572 3416 669 3486 cauti
693 3427 730 3484 et
756 3412 945 3510 diligentis
964 3410 1195 3511 prosectoris
1215 3421 1307 3476 manu

315 3527 486 3617 abrasis,
508 3529 577 3601 sub
599 3531 644 3604 iis
663 3530 794 3629 pleura
817 3545 882 3614 aut
895 3531 1088 3618 ,levissime
1107 3525 1307 3607 alternant
1384 3521 1385 3592 l
