2820 4662
257 387 362 475 ‘438‘
397 477 401 484 Α
437 401 486 456 nn
510 406 655 468 sununs
669 405 874 464 ,necinus
900 405 1112 460 uonsonnu

273 539 355 596 tum
367 524 406 594 in
419 519 1169 620 praesentiumemini‚deeodixiti1),nec
1180 533 1279 590 certe

273 642 409 738 iterum
427 638 488 710 lib.
502 639 551 710 de
560 638 738 737 pulsuum
754 661 841 726 usu,
857 661 942 736 cap..
964 637 1031 724 23,
1053 635 1141 708 lioet
1159 636 1201 707 id
1220 640 1278 706 Sa·

273 757 346 830 lius
362 756 417 854 (o)
429 756 587 845 indicet,
605 757 926 828 commemoravit.
1001 789 1005 798 ’

323 874 395 945 Sed
406 897 539 970 neque.
548 869 640 944 dixit
665 897 743 970 quo
758 871 798 942 in
811 895 948 969 genere
959 871 1281 957 animalium,nee

275 1013 350 1090 qna
377 991 416 1060 in
445 989 532 1060 colli
558 989 644 1060 sede
667 1004 782 1062 venas
805 989 1079 1064 constrinxerit.
1106 989 1280 1076 Quorum

274 1124 481 1204 utrumque
498 1129 562 1178 eos
578 1107 759 1203 cogitasse
770 1109 945 1202 ‚equum
960 1101 1101 1190 fuerat,
1116 1106 1185 1204 qui
1207 1105 1282 1200 ejus

260 1223 417 1296 ¹uellent
439 1223 736 1320 experimentum
758 1223 798 1292 in
827 1221 985 1294 dubium
1008 1223 1156 1293 uocare.
1188 1224 1282 1294 Nam

275 1340 381 1438 qood
391 1339 437 1410 ad
453 1340 617 1436 primum
633 1341 787 1428 attinet,
802 1341 1032 1413 recentiores
1041 1337 1214 1412 haec'fcre
1230 1364 1283 1411 so·

276 1459 356 1529 lent
371 1459 410 1528 in
427 1455 600 1546 canibus,
615 1481 711 1554 quos
723 1457 788 1530 ilie
802 1457 863 1528 vel
879 1472 1051 1530 mortuos
1067 1483 1182 1554 quam
1196 1481 1283 1528 raro

191 1631 210 1653 s
275 1566 508 1662 dissecuerit,
530 1575 720 1666 neminem
740 1571 870 1673 fugere
893 1558 1017 1673 potest
1040 1575 1080 1644 in
1110 1575 1192 1670 ejus
1210 1575 1283 1645 lec-

275 1692 380 1764 tione
398 1705 610 1772 versatum:
629 1690 771 1788 'quibus
793 1707 918 1763 autem
941 1693 1034 1764 vivis
1058 1691 1285 1772 animeJibus

276 1808 324 1878 ad
340 1809 593 1905 experimenta
607 1822 794 1897 uteretur,
809 1807 913 1907 qnod
925 1808 972 1880 ad
983 1808 1283 1906 nenvos.quide1n

277 1926 426 2011 attinet,
445 1925 667 2022 scimus(3);,
677 1924 782 2024 qnod
795 1950 886 1996 vero
897 1925 944 1996 ad
959 1923 1171 2023 sanguifera
1188 1925 1282 2014 vasi,

280 2043 313 2115 si
341 2057 443 2132 recte
465 2043 638 2132 memini,
664 2045 881 2116 nescimus:
907 2058 1090 2116 ettamen
1116 2043 1283 2114 aliamin

280 2160 362 2232 aliis
371 2161 587 2232 animalium
599 2161 800 2258 generibus
809 2185 888 2234 esse
901 2185 1009 2259 posse
1022 2185 1201 2234 vasorum
1214 2161 1284 2232 dis-

277 2279 509 2376 positionem
535 2293 597 2349 aut
623 2279 1022 2367 communicationem,
1046 2281 1133 2377 quis
1146 2279 1281 2378 neget?

273 2395 437 2492 „quando
455 2394 557 2467 houd
581 2419 667 2496 earo
684 2397 723 2466 in
742 2395 876 2468 eodem
894 2399 1052 2494 genere,
1071 2397 1153 2480 imo
1171 2397 1233 2486 nel
1248 2397 1283 2466 in

277 2537 362 2588 uno
377 2511 586 2609 eodemque
603 2513 774 2600 anime-li,
798 2513 829 2584 si
851 2538 935 2611 quae
950 2527 1038 2601 sunt
1057 2515 1096 2584 in
1114 2513 1285 2601 dextero,

284 2641 322 2702 et
335 2629 484 2722 sinistro
497 2629 614 2699 latere
621 2630 719 2703 inter
729 2655 768 2702 se
779 2654 1058 2728 comparemus,
1069 2611 1195 2704 uarias
1210 2632 1288 2702 illas

244 2805 245 2810 ,
267 2757 364 2816 ‘esse
386 2744 716 2843 deprehendimus.
739 2733 996 2838 Quamobrem
1021 2763 1058 2823 et
1080 2748 1177 2821 iliud
1200 2749 1288 2819 alte-

283 2871 375 2934 rum'
385 2877 551 2960 spectare
562 2863 686 2953 decet,
701 2865 740 2936 id
754 2881 896 2964 estque
906 2865 947 2936 in
962 2864 1050 2936 colli
1064 2864 1155 2938 sede
1171 2864 1287 2962 ligata

282 2978 423 3052 fuerint
443 3006 544 3056 venae
564 2982 767 3080 jugulares.
784 2986 880 3082 Nam
904 2977 1226 3070 inter-'‘altiorem,
1253 2996 1288 3052 et

276 3095 507 3174 inferiorem
518 3098 663 3186 sedem,
680 3099 755 3170 sive
770 3097 823 3169 ob
844 3096 925 3170 eam
945 3124 1033 3196 quae·
1055 3098 1173 3170 modo
1189 3098 1287 3169 indi·

283 3229 364 3286 ceta
384 3229 459 3304 est,
483 3215 558 3288 sive
584 3214 642 3285 ob,
657 3229 890 3288 constantem
915 3217 1064 3290 causam
1084 3215 1147 3286 vei
1164 3217 1204 3286 in
1227 3239 1286 3286 ca-

281 3330 396 3404 nibus
416 3331 617 3404 discrimen
638 3357 738 3421 esse,
765 3334 943 3430 conjicias
966 3335 1054 3406 licet
1075 3358 1122 3405 ex
1148 3333 1194 3404 cl.
1221 3337 1288 3404 La·

318 3615 371 3724 (1)
386 3649 443 3706 cn.
459 3669 484 3706 ο.
503 3649 531 3706 e.

318 3745 363 3824 (o)
384 3750 429 3805 De
441 3749 492 3806 aff.
508 3752 646 3825 porticui.
660 3772 686 3810 e.
700 3771 728 3809 2.

314 3843 359 3922 (3)
381 3847 451 3903 Vid.
467 3849 503 3907 de
515 3859 593 3910 anet.
608 3851 718 3912 eduin.
741 3853 764 3911 l.
778 3843 815 3923 δ’,
831 3869 856 3908 c.
876 3851 911 3924 8,
929 3858 958 3908 et
974 3850 999 3908 1.
1019 3848 1056 3906 de
1077 3860 1229 3925 praecogn-
1246 3844 1286 3901 cd

273 3945 371 4018 pesth.
386 3965 411 4004 c.
425 3944 453 4004 5.
569 3959 570 3968 ¹
788 3987 790 3990 .
1009 3967 1013 3978 ‹
