2820 4662
286 457 357 533 500
450 477 497 530 nn
523 477 668 528 sentens
693 469 886 528 nr'mnsts
911 468 1122 532 uonnoltmr

285 598 394 684 enim
404 596 530 667 minus
546 594 672 682 triste,
688 607 802 691 atque
817 593 1039 690 horrificum
1055 597 1163 670 estin
1180 622 1284 673 vexa-

283 691 411 791 torum
429 739 497 815 per
521 713 777 811 experimenta
798 737 955 802 canum,
976 741 1090 814 quam
1110 697 1149 788 in
1171 700 1283 790 stran-

283 835 498 933 gulatorum
534 827 734 902 hominum
768 832 994 929 cogitatione
1029 833 1202 906 detineri.
1233 833 1284 904 Ad

282 949 383 1022 hanc
407 950 492 1046 jam.
511 962 745 1019 revertamur
768 963 940 1045 oportet,
967 948 1014 1022 de
1039 953 1181 1040 causis,
1209 975 1284 1048 quae

282 1065 410 1141 afferri
439 1046 583 1153 solent,
611 1063 833 1136 eorumdem
862 1051 1002 1138 mortis'
1022 1067 1284 1152 existimaturi,

283 1184 438 1284 quando
464 1182 543 1266 illa,
570 1206 652 1280 quar
671 1181 718 1253 ad
741 1181 783 1261 ,id¹
801 1185 1007 1256 necessaria
1025 1199 1123 1273 erat,
1143 1186 1284 1284 experi·
1391 1237 1392 1248 ,

263 1318 498 1387 ‚mentorum
516 1314 598 1371 tum
617 1293 807 1388 veterum,
826 1314 908 1372 tum
931 1303 1141 1376 recentium
1167 1303 1284 1378 consi·

283 1419 477 1492 deratione
494 1415 684 1516 perfuncti
701 1441 840 1490 sumus.
862 1416 920 1526 dd
935 1409 1075 1491 ner'vos
1089 1420 1210 1520 igitur
1225 1419 1283 1518 qui
1391 1467 1392 1474 κ

281 1561 352 1636 per
369 1535 510 1608 collum
536 1559 622 1607 vasa
644 1532 855 1633 sauguilera
879 1537 1126 1626 comitantur,
1150 1538 1281 1635 laqueo
1391 1581 1392 1620 l

238 1730 243 1748 .
280 1656 514 1742 constrictos,
522 1653 650 1725 nullos
660 1639 771 1724 video
781 1635 1113 1755 hoo'temporequi
1121 1653 1282 1727 referant

281 1772 444 1846 celerem
455 1772 608 1845 illorum
623 1783 784 1841 mortem
802 1797 810 1841 ε
825 1785 863 1844 et
877 1773 908 1844 si
921 1770 1101 1862 viderem,
1116 1771 1218 1845 adea
1230 1797 1281 1844 re·

277 1890 434 1988 jioerem
455 1890 613 1987 antiqua
637 1904 674 1960 et
700 1912 799 1961 nova
817 1891 1090 1989 experimenta,
1112 1915 1200 1988 qnae
1229 1915 1281 1963 su·

278 2032 346 2107 pra
359 2008 414 2106 (ι)
429 2022 516 2081 sunt
531 2007 704 2079 indicata.
731 2008 809 2080 Neo
834 2031 921 2080 sane
940 2007 1069 2108 plures
1086 2005 1167 2080 esse
1195 2008 1281 2080 exis·

277 2126 390 2214 timo,
407 2129 474 2224 qui
486 2125 533 2198 ad
543 2124 862 2224 compressionem
882 2122 1048 2198 referant
1063 2127 1280 2199 arteriarum

278 2242 490 2315 carotidum
507 2270 515 2312 τ
532 2267 629 2343 quos
646 2245 794 2332 tamen,
817 2244 863 2316 iis
886 2244 1083 2342 perpensis
1102 2268 1190 2342 quae
1208 2242 1281 2316 fuse

279 2376 390 2459 antea
406 2361 459 2459 (α)
475 2363 671 2461 proposita
695 2376 783 2436 sunt
811 2377 924 2460 atque
953 2361 1155 2461 explicata,
1178 2360 1281 2435 valde

275 2477 353 2572 jam
369 2492 462 2576 puto
481 2477 529 2550 de
547 2478 811 2550 suasententia
826 2474 1072 2551 dubitaturos.

326 2592 400 2664 Sed
417 2607 571 2681 contra,
586 2593 788 2692 plerosque
806 2595 883 2668 seio
894 2595 978 2667 viro
995 2589 1220 2669 doctissimo
1235 2619 1282 2670 as·

279 2711 428 2798 sentiri,
443 2710 509 2807 qui
522 2723 609 2808 post
624 2709 843 2809 Wepferum
856 2712 912 2811 (3)
927 2709 1008 2786 'non
1034 2737 1115 2786 uno
1137 2715 1186 2785 in
1202 2715 1279 2786 loco

278 2824 429 2915 docuit,
447 2824 689 2901 adstrictione
705 2827 936 2928 jugularium
953 2855 1138 2904 venarum
1155 2831 1281 2931 prohi-

276 2941 361 3018 beri
377 2947 568 3045 sanguinis
591 2945 775 3035 reditum,
797 2949 865 3044 qui
887 2973 958 3048 per
975 2949 1164 3022 carotides
1187 2964 1280 3023 arte·

275 3066 350 3136 rias
364 3088 442 3135 non
459 3065 615 3136 omnino
630 3087 880 3160 compressas,
899 3081 937 3140 et
947 3068 1068 3140 multo
1080 3069 1202 3166 magis
1217 3087 1280 3165 per

275 3180 504 3253 vertebrales
520 3182 664 3252 interea
678 3181 718 3250 in
740 3181 938 3256 cerebrum
957 3186 1205 3284 importatum
1216 3185 1281 3254 ita-

275 3320 352 3392 que
367 3294 564 3369 confestim
585 3297 822 3395 apoplexiam
843 3300 1020 3372 lethalem
1037 3297 1138 3391 fieri‚
1165 3317 1281 3399 neque

275 3411 394 3482 aliam
409 3437 484 3485 esse
494 3417 680 3485 rationem
692 3420 821 3486 mortis
828 3428 1090 3516 suspensorum
1095 3447 1108 3504 ,·
1120 3421 1174 3491 sic
1182 3419 1280 3490 enim

276 3543 497 3626 congestum
513 3532 554 3601 in
569 3528 726 3602 cerebro
740 3535 962 3630 sanguinem
974 3533 1069 3628 hoc,
1084 3537 1207 3623 aiunt,
1221 3557 1281 3605 ve·

314 3822 359 3900 (1)
379 3824 419 3880 n.
434 3823 482 3880 2³.

314 3921 358 3998 (a)
379 3923 417 3977 N.
435 3927 474 3988 αἱ,
490 3931 520 3978 et
532 3923 665 4000 quinque
679 3943 742 4002 seq.

312 4017 356 4096 (3)
376 4020 504 4078 Exercit.
514 4022 552 4080 de
562 4023 630 4080 loco
644 4024 695 4082 aff.
710 4025 743 4083 in
754 4029 855 4104 apopl.

863 4114 881 4152 0

477 4167 482 4196 t

1388 3211 1390 3296 l
