2750 4658
201 515 204 522 ¹
303 422 374 496 300
467 445 514 494 ns
539 445 685 496 snnmus
709 447 753 496 nr
778 445 902 496 caus1s
926 445 1139 496 monuerunt

303 576 434 656 caetera
451 562 710 650 considerabo.
728 562 917 634 Brunneri
934 559 990 658 (ι)
1004 562 1221 634 observatio
1236 579 1304 653 est,

301 701 435 777 quam,
455 703 541 750 cum
555 680 682 776 plures
694 679 784 752 alias
803 702 974 777 possem,
990 677 1052 749 hic
1070 679 1303 777 potissimum
1372 779 1373 782 Ἴ

302 795 464 894 exempli
477 797 562 868 loco
579 793 752 886 afferam,
764 798 853 895 quia
863 821 948 868 cum
961 796 1215 895 Sepulchreto
1224 797 1305 868 addi
1372 809 1373 892 j

301 927 448 1011 posset,
466 912 565 984 edita
577 915 676 984 enim
694 913 813 986 fuerat
827 939 927 987 anno
945 913 1050 1010 1687,
1066 911 1206 986 frustra
1220 937 1304 984 ame

301 1031 343 1100 in
361 1029 496 1102 eodem
508 1032 660 1127 quaesita
679 1046 745 1102 est.
761 1029 1015 1103 Pericardium
1030 1031 1096 1102 ille
1113 1053 1214 1127 aqua
1232 1046 1304 1102 tur-

303 1171 395 1246 gens
421 1149 562 1244 reperit
579 1149 619 1218 in
636 1149 787 1243 juniore
804 1149 941 1232 milite3
966 1147 1097 1245 quide
1118 1147 1302 1245 dyspnea‚

305 1278 343 1336 et
362 1264 656 1360 praecordiorum
667 1267 839 1364 angustia
849 1264 1093 1363 querebatur,
1103 1266 1303 1353 noctuvix,

303 1382 376 1451 nisi
402 1396 527 1453 erecto
550 1406 729 1481 corpore,
757 1383 923 1456 dormire
952 1397 1118 1482 poterat,
1142 1381 1302 1467 sitiebat,
1373 1405 1374 1440 2

303 1496 420 1595 pedes
435 1497 619 1571 oedemate
640 1516 828 1574 tumentes
843 1500 1023 1591 habehat,
1037 1516 1074 1573 et
1083 1500 1303 1598 plerumque
1373 1531 1374 1534 ¹

304 1621 397 1686 sicce
413 1616 601 1689 tussiebat.
620 1622 666 1690 At
684 1645 774 1704 vero
795 1619 895 1692 idem
916 1641 1198 1715 nonnunquam
1226 1641 1303 1716 spu-

305 1747 387 1804 tum
410 1733 612 1806 turbidum
645 1736 876 1825 excutiebat,
898 1736 1087 1808 abdomen
1123 1750 1302 1807 extumes-

301 1874 394 1923 cens
413 1850 595 1942 hahebat,
622 1869 788 1926 scrotum
814 1853 1102 1954 praetumidum‚
1131 1851 1303 1925 subrumi-

305 1967 397 2038 dum
417 1984 543 2042 autem
555 1985 677 2042 totum
695 1974 867 2071 corporis
878 1972 1070 2060 habitum,
1087 1969 1303 2068 laterenprae·

307 2088 436 2159 sertim
454 2087 632 2178 dentem,
652 2116 730 2188 quo
743 2090 969 2190 plerumque
982 2092 1021 2161 in
1036 2090 1136 2161 lecto
1153 2088 1303 2159 inclina·

306 2202 380 2286 bat.
399 2208 534 2279 Praeter
550 2206 627 2278 haec
644 2223 757 2306 atque
770 2209 859 2298 alia,
871 2233 951 2306 quae
967 2207 1131 2279 velante
1148 2217 1302 2276 mortem

307 2321 553 2394 animadverti
564 2341 786 2423 potuerant,
804 2328 906 2399 inter
921 2351 1003 2424 quae
1015 2348 1086 2396 nec
1101 2318 1303 2419 cordispal-

306 2440 527 2538 pitationes‚
545 2467 616 2514 nec
639 2443 822 2542 deliquia,
847 2467 919 2515 nee
942 2443 1031 2514 vitia
1056 2440 1214 2540 pulsus,
1237 2440 1302 2508 imo

307 2555 422 2651 hujus
435 2559 682 2655 aequalitatem
698 2562 824 2634 videas
841 2559 1150 2648 commemorari3
1165 2555 1305 2656 perdis

309 2675 514 2745 sectionem
524 2677 563 2746 in
577 2694 709 2750 ventre
724 2679 843 2778 hepar
856 2694 1001 2751 vastum
1019 2678 1221 2748 inventum
1242 2687 1304 2757 est,

308 2813 412 2887 aquae
442 2806 568 2888 aptem
599 2793 712 2867 lihrae-
731 2811 838 2886 oct03
860 2795 1084 2893 eademque,
1111 2807 1157 2863 ut
1184 2806 1305 2863 caetera

308 2908 496 2999 omittam,
513 2911 610 2985 latus
628 2912 824 2986 dexterum
848 2913 1013 2986 thoracis
1033 2909 1253 3010 oppletum;
1269 2919 1305 2977 ut

308 3026 339 3098 si
357 3026 417 3099 vel
436 3043 570 3102 cuncta
594 3055 683 3128 quae.
698 3047 983 3130 precesserant,
1000 3042 1254 3126 symptomata
1266 3048 1305 3096 ex

308 3145 352 3217 iis
366 3142 523 3218 fuissent
535 3172 617 3245 quae
637 3147 693 3220 aba
705 3149 901 3222 nonnullis
918 3157 981 3223 aut
1007 3144 1234 3247 pericaedii,
1252 3154 1305 3213 aut

307 3260 472 3337 thoracis
493 3264 675 3363 hydropis
695 3269 850 3366 propria
874 3291 953 3339 esse
978 3265 1183 3337 dicuntur:
1200 3261 1305 3334 laesio·

308 3402 399 3450 num
419 3395 545 3454 tamen
563 3383 818 3482 multiplicitas
842 3400 970 3456 utrum
988 3381 1227 3482 potissimum
1244 3378 1305 3473 sig·

308 3492 522 3570 nificassent
536 3553 545 3588 ,
565 3501 659 3572 scire
672 3500 904 3599 prohiberet.

358 3617 415 3710 47.
435 3618 528 3685 Cum
554 3618 669 3716 igitur
692 3618 883 3718 hydropes
903 3618 944 3690 hi
967 3616 1045 3688 duo
1070 3639 1141 3714 per
1166 3637 1209 3686 ea
1232 3633 1306 3708 quae

346 3987 390 4065 (ι)
412 3989 541 4050 Exercit.
558 3991 594 4050 dc
608 3994 714 4053 Gland.
731 3995 764 4054 in
773 3995 921 4054 Duodeno
930 4033 939 4067 ‚
955 3996 980 4064 ς.
995 3989 1023 4048 53
