2766 4670
330 454 397 539 124
492 471 539 519 na
566 469 712 520 sturnus
736 471 780 518 ar
806 467 930 520 causis
954 469 1166 518 monacnum

324 587 540 685 aspersione
559 599 713 659 careret.
733 585 837 656 Idem
855 609 1010 683 quoque
1029 609 1116 657 cum
1130 608 1200 684 per
1217 583 1318 655 ulcus

323 703 449 792 exedi,
466 720 503 777 et
516 703 709 776 subsidere
726 705 910 802 inciperet
928 718 1073 801 septum
1094 705 1194 790 nasi,
1213 701 1316 774 simul
1367 683 1368 764 f

322 822 479 894 internis
494 823 731 920 externisque
752 820 943 920 pugnabat
961 819 1123 906 auxiliis,
1144 804 1195 890 ne
1216 819 1316 890 ulcus

320 954 521 1026 cresceret,
541 940 651 1010 simul
667 939 767 1011 leves
783 938 937 1011 tubulos
950 921 1105 1009 baribus
1115 935 1272 1008 indebat
1280 959 1315 1006 ea
1368 935 1369 996 ἶ

320 1051 459 1142 forma,
475 1070 512 1127 et
531 1055 810 1154 magnitudine,
828 1070 870 1127 ut
889 1053 1129 1126 concidentes
1149 1055 1232 1125 nasi
1260 1053 1315 1123 ala

320 1174 467 1260 minus,
491 1172 617 1270 quoad
632 1174 711 1269 ejus
721 1172 804 1245 fieri
815 1171 1192 1271 posset,abnaturali
1202 1168 1314 1270 figura
1369 1173 1370 1246 i

321 1291 550 1364 recederent.

373 1407 429 1479 23.
452 1413 671 1506 Sequuntur
685 1433 767 1506 qua.
782 1407 829 1479 ad
844 1403 1157 1504 haemorrhagiam
1174 1407 1313 1476 narium

323 1525 482 1596 attinent
510 1524 800 1596 observationes.
828 1527 965 1594 Earum
991 1522 1068 1593 aliae
1089 1522 1136 1594 ad
1158 1523 1313 1594 curatio·
1370 1559 1371 1626 q

321 1665 409 1712 nem
426 1638 640 1739 pertinent,
657 1667 781 1740 neque
794 1643 832 1712 iu
849 1655 1086 1712 mortuorum
1099 1639 1315 1739 corporibus

321 1755 457 1830 babitae
476 1776 580 1834 sunt:
601 1761 678 1831 aliae
692 1784 783 1832 vero
803 1761 843 1830 in
860 1759 919 1832 his
937 1758 1090 1857 quidem
1112 1773 1199 1830 sunt
1217 1757 1313 1828 habi·

321 1889 389 1961 tae,
408 1877 569 1949 sednon
588 1877 654 1949 ubi
665 1879 822 1949 maxime
835 1876 1042 1963 debebant,
1057 1877 1096 1946 in
1113 1873 1312 1946 nasovide-
1371 1946 1372 1994 1

320 1992 417 2065 licet.
434 1997 567 2094 Itaque
586 2020 774 2094 perpauca
787 1995 968 2066 duntaxat
984 1992 1227 2089 subjiciemus
1239 2003 1312 2090 quat
1371 2015 1372 2100 q

320 2110 367 2181 ad
388 2127 591 2211 utrumque
616 2138 734 2212 genus
757 2113 959 2201 attineant,
987 2135 1008 2181 a
1035 2111 1203 2183 secundo
1226 2110 1311 2181 inci-

319 2229 475 2325 pientes.
488 2236 583 2302 Cum
599 2229 877 2328 frequentibus,
891 2245 955 2301 aut
973 2229 1117 2328 magnis
1131 2252 1202 2327 per
1210 2249 1310 2299 nares

321 2343 605 2447 haemorrhagiis
624 2350 809 2420 viscerum
827 2347 950 2420 labem
971 2347 1170 2446 conjungi,
1182 2346 1311 2443 jecoris

245 2526 250 2544 Ι
319 2463 545 2561 praesertim,
565 2481 602 2536 et
628 2467 757 2555 lienis,
784 2465 1063 2538 observationes
1091 2462 1311 2536 confirmant
1372 2433 1373 2501 i

318 2585 403 2652 XIV
420 2596 457 2654 et
474 2587 579 2671 XVI,
593 2600 727 2682 praeter
746 2585 834 2656 alias
858 2608 950 2681 quas
968 2582 1106 2654 addere
1134 2597 1261 2681 poteS,
1278 2583 1310 2650 iu
1372 2565 1373 2582 ¹

317 2698 450 2798 primis
463 2725 576 2772 unam
588 2701 758 2772 Mauricii
770 2695 987 2772 Hoffmanni
999 2699 1064 2798 (1).
1078 2703 1155 2772 Nec
1166 2702 1310 2784 mirum;

318 2841 405 2887 nam
428 2819 503 2890 sive
531 2843 574 2890 ea
601 2821 689 2920 uitia
715 2817 939 2894 effusionem
963 2819 1154 2916 sanguinis
1179 2843 1309 2917 praece·

317 2933 432 3023 dunt;
452 2936 503 3007 ita
519 2936 632 3034 hujus
646 2937 950 3010 distributionem
968 2951 1218 3034 naturamque
1231 2959 1308 3036 per·

207 3114 209 3120 ,
315 3068 486 3141 vertunt,
503 3069 546 3126 ut
561 3079 646 3126 cum
662 3053 849 3127 difficilius
866 3080 936 3152 per
949 3070 1121 3126 ventrem
1130 3071 1145 3141 ,'
1157 3051 1306 3138 facilius,

315 3170 477 3268 ideoque
495 3174 682 3271 copiosius
703 3198 771 3271 per
796 3174 991 3270 superiora
1017 3161 1177 3259 feratur,
1206 3168 1307 3246 simui

316 3288 366 3359 ob
386 3313 544 3386 aqueam
562 3306 761 3362 autacrem
775 3288 962 3378 indolem,
977 3289 1116 3360 exitum
1135 3286 1226 3359 binc
1246 3283 1308 3360 sibi

316 3421 380 3476 aut
398 3407 584 3497 inveniat,
603 3422 666 3478 aut
683 3422 808 3504 paret3
829 3407 904 3480 sive
918 3407 1108 3505 sanguinis
1125 3402 1306 3505 profusio-

316 3523 427 3596 nibus
442 3549 484 3596 ea
497 3527 585 3597 vitia
606 3523 835 3619 succedunt3
851 3527 891 3596 in
910 3523 1009 3596 illius
1025 3519 1174 3596 alveum
1187 3523 1307 3596 obim-

315 3642 499 3734 minutam
521 3643 768 3715 resistentiam
792 3643 919 3740 multa·
938 3639 1078 3713 affatim
1103 3639 1305 3726 confluent,

355 3998 398 4076 (1)
419 4001 495 4078 Eph.
514 4004 551 4060 Ν.
570 4004 602 4062 C.
618 4005 701 4066 Ceut.
714 4021 733 4078 9
749 4014 778 4059 et
793 4022 828 4059 ιο
841 4003 873 4060 ἰιι
884 4001 1022 4078 Append.
1036 3971 1071 4072 Ι,Ι
1083 4000 1147 4058 obs.
1163 3999 1207 4082 ⁵⁸.
