2812 4660
149 431 219 480 ms.
252 430 294 478 rr.
321 431 368 478 nr
394 428 885 496 uonmsruonacrs,sr1sr.
912 436 998 484 xvn.
1027 415 1097 514 349

92 567 157 617 seu
182 545 375 616 viventem
402 542 620 630 mulierem,
662 545 737 616 sive
765 547 876 664 etiam
910 566 1095 626 mortuam

94 675 315 760 spectemus.

134 782 180 849 ln
198 781 350 853 vivente
375 776 503 850 illud
494 776 697 873 rmprimis,
717 727 822 875 quod
847 805 926 854 non
944 785 1058 857 modo
1073 812 1094 860 a

93 897 336 996 violentiora,
357 910 400 969 ut
425 895 597 993 plerique
623 893 685 964 alii
711 915 971 994 aneurysmate
991 902 1093 976 labo·

94 1029 229 1103 rantes3
244 1013 313 1086 sed
330 1028 367 1084 et
386 1037 407 1082 a
425 1012 496 1082 levi
519 1008 691 1107 quolibet
714 1027 843 1100 motu,
862 1030 975 1113 atque
997 1020 1092 1115 adeo

96 1132 218 1220 acibi,
243 1145 403 1228 potusve
426 1129 641 1238 sumptione
658 1127 698 1198 in
715 1125 973 1207 suffocationis
993 1140 1091 1235 peri-

100 1248 220 1330 culum
235 1247 432 1322 incideret.

135 1365 323 1462 similiora
341 1363 399 1434 his
416 1363 564 1451 statiis,
582 1387 665 1460 quae
682 1363 722 1432 in
742 1361 813 1435 hac
827 1367 984 1441 muliere
1004 1372 1089 1446 des-

95 1482 204 1579 cripta
227 1496 337 1571 sunt,
362 1505 441 1552 non
469 1481 624 1555 memini
642 1505 810 1576 unquam
836 1489 1091 1583 conspexisse,

95 1623 199 1695 quam
226 1625 316 1672 cum
349 1598 496 1672 octobri
523 1621 652 1669 mense
682 1600 771 1668 anni
800 1600 891 1695 1705
923 1604 1090 1680 medicus

63 1799 65 1806 Ι
94 1715 285 1788 assiderem
294 1714 505 1788 Marchioni
516 1711 825 1784 excellentissimo
839 1716 989 1812 Aloysio
1000 1724 1090 1793 Pau·

95 1831 226 1924 luccio,
256 1857 435 1932 supremo
466 1825 744 1929 pontificiarum
769 1833 964 1928 copiarum
996 1862 1090 1934 prae·

93 1946 200 2040 fecto,
220 1967 257 2023 et
278 1953 393 2023 trium
413 1948 728 2046 amplissimorum
748 1953 837 2018 S.R
857 1948 896 2020 E.
916 1951 1091 2028 Cardine·

95 2063 175 2138 lium
202 2068 373 2178 ejusdem
406 2066 642 2164 cognominis
671 2063 794 2136 fratris
821 2063 926 2158 filio,
960 2066 1088 2161 fratri,

97 2197 127 2253 et
144 2171 347 2282 avunculo,
366 2185 486 2257 multo
508 2184 679 2282 longiore
708 2198 744 2254 et
763 2180 926 2255 feliciore
945 2187 1018 2258 vita
1037 2187 1089 2260 di·

96 2301 270 2395 gnissimo.
292 2275 361 2379 ¹Hic
381 2303 482 2376 enim
502 2302 553 2374 ob
572 2299 802 2398 ejuscemodi
825 2300 1003 2375 morbum
1022 2329 1088 2378 ne·

91 2439 160 2512 „que
188 2419 432 2510 decumbere,
456 2445 580 2517 neque
606 2419 871 2492 intestinorum
897 2435 961 2492 aut
990 2423 1085 2494 vesi-

92 2552 138 2628 ‚ce
153 2560 245 2610 onus
261 2537 476 2636 deponere,
500 2561 624 2634 neque
643 2534 737 2606 adeo
760 2534 934 2608 alimenta
954 2535 1085 2636 deglu-
1140 2595 1142 2601 .

97 2649 156 2721 tire
169 2669 336 2750 poterat,
358 2656 452 2752 quin
472 2651 549 2726 fere
573 2675 817 2751 paroxysmus
828 2653 929 2724 illico
948 2655 1086 2728 excita-

97 2782 205 2858 retur,
225 2761 446 2870 praesentem
468 2768 771 2858 suffocationem,
787 2771 979 2867 ipsamque
996 2797 1085 2870 pro-

97 2888 291 2978 pemodum
305 2903 466 2961 mortem
483 2887 686 2986 aliquando
705 2889 903 2959 intentans.
919 2885 1012 2958 Nam
1025 2914 1083 2961 re·

98 3019 197 3096 pente
212 3007 360 3094 ,exsilire
377 3006 521 3095 esella,
539 2987 821 3103 cui'perpetu0,
841 3017 987 3074 motum
1006 3029 1086 3075 om-

99 3139 176 3191 nem
190 3148 342 3212 cavens,
362 3123 566 3214 insidebat,
584 3123 631 3194 ad
652 3120 851 3194 fenestram
871 3143 935 3216 spe
953 3121 1086 3212 melius

99 3239 295 3334 respirandi
315 3265 529 3329 accurrere,
549 3263 636 3309 cum
658 3251 815 3310 stertore
836 3235 1084 3312 nihilominus

99 3353 259 3448 spiritum
280 3358 435 3447 ducere,
453 3370 532 3428 tota
548 3353 641 3427 facie
658 3355 791 3441 livere,
809 3351 941 3424 lotium
962 3370 998 3428 et
1019 3381 1085 3430 cae·

99 3477 168 3540 tera
184 3491 412 3549 recrementa
429 3490 563 3573 praeter
576 3473 811 3545 voluntatem
826 3469 960 3565 ejicere
974 3527 983 3562 ,
996 3473 1085 3566 haec,

91 3595 202 3681 ‚atque
211 3593 280 3666 alia
292 3592 478 3690 ejusmodi
490 3592 658 3665 crebrius
668 3588 896 3664 accidebant.
907 3593 941 3661 N
943 3617 1088 3665 onnun-

102 3722 203 3793 quam
226 3724 350 3780 autem
371 3707 540 3805 angustia
559 3730 678 3802 usque
700 3702 794 3774 adeo
820 3704 1087 3798 invalescebat,

101 3829 139 3885 ut
154 3809 278 3918 spiritu
294 3821 498 3896 intercluso
511 3845 565 3903 =ne
583 3835 736 3892 stertere
757 3820 910 3916 quidem
927 3823 1086 3921 amplius

102 3951 235 4030 posset3
252 3941 315 4015 sed
332 3937 552 4036 moribundi
565 3959 720 4041 prorsus
737 3936 865 4011 similis
874 3951 1087 4013 antrorsum
