2842 4672
239 495 308 546 tra.
336 496 361 543 1.
387 496 435 543 nn
460 493 1011 562 uonrrscar1r1s,ar1sr:x1v.
1073 474 1118 548 85

115 608 163 684 sit
174 607 434 708 judicandum.
449 614 543 700 Sunt
554 611 668 709 igitur
679 611 827 682 aurium
843 612 969 684 ulcera
982 638 1061 684 non
1071 628 1121 686 te-

116 753 222 800 mere
242 726 450 800 claudenda
470 739 550 798 non
573 743 649 798 tam
669 727 718 798 ob
736 729 774 798 id
788 729 893 826 quod
911 728 1031 804 rarius
1050 746 1123 821 est,

116 871 164 916 ne
179 847 298 918 saniei
320 849 438 918 exitus
464 831 504 915 in
524 846 641 916 cranii
661 869 771 918 cavea
791 871 860 944 per
883 871 991 920 aures
1005 849 1125 919 inter-

118 963 314 1052 cludatur,
343 988 456 1063 quam
486 963 536 1035 ob
563 963 603 1034 id
629 964 734 1062 quod
756 965 868 1063 longe
890 962 1124 1062 frequentius

117 1097 190 1172 est,
213 1081 263 1153 de
282 1082 397 1154 saniei
420 1106 464 1152 ex
490 1082 580 1180 ipsis
598 1081 752 1168 auribus
773 1082 991 1156 intercluso*
1000 1085 1122 1174 exitu3

114 1199 237 1272 caries
252 1199 313 1271 vel
335 1197 420 1287 fiat,
437 1196 497 1269 vel
519 1211 722 1296 augeatur,
750 1199 877 1297 sicque
894 1201 1015 1272 multo
1040 1198 1123 1272 faci·

116 1317 205 1406 lius,
219 1331 259 1388 et
269 1316 378 1388 citius
386 1316 427 1385 in
438 1316 555 1388 cranii
568 1339 717 1387 caveam
734 1319 936 1415 perveniat.
959 1323 1052 1392 Cum
1065 1318 1122 1390 bi·
1215 1395 1218 1412 ¹

117 1437 173 1506 uis
187 1449 317 1506 autem
329 1457 422 1530 quas
439 1433 510 1508 tibi
527 1433 723 1533 descripsi,
731 1435 1055 1510 observationibus
1067 1452 1122 1510 to·

116 1553 233 1624 tidem
247 1553 454 1650 conjungas
463 1551 561 1640 licet,
577 1552 731 1624 alteram
742 1554 938 1651 Moglingii
949 1551 1017 1650 (1),
1028 1557 1121 1626 Lau·

117 1669 168 1742 hii
187 1672 246 1770 (a)
266 1671 431 1744 alteram.
445 1673 489 1741 In
499 1685 659 1769 utraque
674 1685 762 1770 post·
774 1670 954 1746 fluentem
972 1698 1017 1744 ex
1030 1697 1121 1748 aure

39 1861 43 1885 ,
120 1791 276 1878 saniem,
293 1789 539 1886 purulentum
560 1789 799 1861 circaaurem
810 1805 1121 1888 tumorem,tym-

120 1929 262 2002 panum
279 1905 541 2004 absumptum,
560 1906 697 1977 cariem
720 1929 789 2004 per
806 1931 847 1978 os
863 1923 1054 2005 petrosum
1074 1908 1123 1980 ad
1216 1973 1218 1978 .
1243 1923 1245 1933 ¹

123 2024 238 2094 cranii
259 2048 390 2096 cavum
406 2022 651 2121 productam,
665 2021 847 2110 ichorem,
859 2038 922 2095 aut
938 2030 1011 2123 pus¹
1024 2025 1122 2097 intra

121 2137 190 2212 hoc
210 2166 300 2213 cum
326 2139 482 2212 funestis
502 2139 666 2238 denique
691 2141 837 2214 cerebri
859 2139 1120 2232 malisfuisse,

95 2285 98 2293 ’
120 2255 227 2356 leges.
249 2263 293 2334 Et
319 2282 539 2356 quanquam
555 2258 595 2328 in
620 2257 784 2331 secunda
806 2257 949 2356 aliquid
967 2258 1119 2336 credere

119 2373 190 2469 jam
203 2376 294 2448 inde
309 2375 355 2448 ab
372 2377 481 2448 initio
502 2373 715 2450 conclusum
728 2378 826 2450 iutra
841 2376 1038 2471 cerebrum
1055 2401 1123 2476 po-
1172 2413 1178 2418 ·

121 2505 189 2583 tes,
221 2495 325 2566 unde
340 2496 441 2569 visus
459 2494 742 2586 obscuraretur3
769 2485 896 2569 tamen
912 2520 991 2570 non
1012 2497 1121 2570 antea

123 2611 340 2703 adauctum,
357 2631 395 2688 et
410 2614 457 2686 ad
477 2616 784 2715 suppurationem
802 2609 1026 2715 perductum
1042 2637 1130 2688 esse‘

121 2728 321 2830 intelliges,
341 2757 454 2830 quam
481 2734 586 2831 puris
610 2759 656 2806 ex
674 2757 763 2805 aure
784 2731 906 2824 fluxu,
929 2735 996 2831 qui
1020 2733 1121 2806 visus

123 2846 422 2924 obscurationem
442 2849 655 2941 minuebat,
679 2850 892 2940 desinente,
914 2850 1121 2923 amaurosis

122 2965 303 3060 primum,
323 2959 488 3065 denique
501 2969 734 3067 apoplectica
747 2983 1011 3066 symptomata,
1030 2992 1122 3065 quo·

120 3083 199 3154 ru'm
220 3082 370 3156 nullum
390 3099 476 3156 ante
488 3088 742 3184 apparuerat,
768 3083 1020 3184 advenerunt;
1039 3111 1120 3156 uon

125 3199 344 3291 adventura,
358 3203 388 3274 si
400 3216 501 3274 tanta
516 3203 580 3282 illa
594 3203 700 3302 puris
715 3203 838 3301 copia,
857 3226 939 3301 quae
955 3217 1013 3275 ter
1030 3227 1122 3302 qua-

124 3331 221 3392 terve
250 3345 270 3392 e
293 3333 442 3415 tumore
466 3335 641 3411 externe,
669 3345 756 3394 cum
778 3334 904 3393 meatu
932 3319 1120 3393 auditorio

123 3437 438 3527 communicante,
462 3437 712 3536 profluxerat,
734 3453 771 3512 et
792 3463 880 3536 quae
901 3453 1000 3511 certe
1023 3439 1122 3510 intra

123 3555 316 3660 cerebrum
327 3569 418 3629 tunc
433 3555 545 3630 fuisse
560 3582 640 3628 non
656 3571 820 3672 poterat,
837 3581 906 3656 par
922 3581 1000 3629 esse
1015 3555 1122 3628 omni
1174 3627 1177 3633 .

122 3668 172 3739 illi
190 3672 347 3770 putridae
362 3675 525 3747 materiae
540 3676 677 3772 quaein
692 3700 801 3766 aure,
815 3691 853 3748 et
872 3675 970 3746 circa
989 3696 1120 3762 aurem

122 3845 1125 3880 ww
1206 3871 1208 3878 ,

164 3951 205 4032 (1)
225 3954 690 4033 Eph.N.C.Cent.6,obs.21.
730 3988 731 3991 κ

163 4051 204 4130 (²)
222 4058 463 4136 Emi-Ceut.
482 4080 514 4134 7,
530 4059 595 4120 obs.
610 4067 658 4128 to.

1135 3888 1144 3976 l
