2812 4660
305 441 377 529 384
475 465 521 511 nn
548 461 693 540 sumnus
718 463 761 508 ur
787 461 909 510 causis
935 463 1146 512 noanonun

306 577 417 650 terias
442 577 594 648 immitti
614 590 782 680 poterat,
807 577 884 672 jam
912 575 1061 676 polypis
1082 578 1306 676 impeditas:

307 719 523 792 quanquam
544 718 630 764 cum
648 693 687 763 id
706 674 773 764 c’or
792 690 1011 782 flaccidum,
1032 695 1153 771 instar
1174 695 1310 768 sacculi

307 837 353 884 cx
370 813 475 883 corio
485 811 605 898 molli,
623 807 735 881 fuisse
747 809 909 898 dicatur;
933 812 973 880 in
988 811 1148 909 proclivi
1163 828 1220 884 est
1232 836 1308 884 sus-

308 930 425 1027 picari
444 926 649 1016 orificium,
678 926 725 997 ad
748 951 861 1000 venas
882 929 1091 1026 pertinens,
1110 927 1308 1028 amplifica-

309 1061 387 1117 tum
408 1043 535 1132 fuisse,
553 1060 596 1116 ut
621 1059 747 1116 exacte
766 1069 787 1115 a
807 1044 965 1118 valvulis
988 1044 1112 1116 claudi
1129 1071 1213 1116 non
1226 1071 1309 1145 pos·
1358 1027 1363 1046 '

307 1179 373 1236 set.
392 1163 574 1234 Utralibet
599 1179 723 1234 autem
745 1163 860 1234 utaris
884 1162 970 1233 licet
991 1163 1262 1261 explicatione,
1282 1166 1310 1236 si

308 1278 404 1352 forte
425 1279 474 1350 ob
501 1279 643 1376 aliquas
669 1303 850 1351 venarum
871 1281 1036 1378 ipsarum
1058 1280 1229 1352 valvulas
1245 1283 1308 1351 mi·

307 1427 380 1474 nus
397 1400 465 1472 tibi
482 1399 597 1472 facilis
614 1399 783 1471 videatur
798 1400 989 1498 sanguinis
1000 1425 1069 1498 per
1087 1401 1171 1472 illas
1189 1426 1309 1471 recur-

308 1543 390 1608 sus3
411 1544 497 1589 nam
513 1533 577 1588 aut
589 1518 746 1588 dilatatae
762 1542 864 1590 venae
881 1532 984 1606 sunt,
1000 1519 1128 1614 sicque
1143 1543 1172 1588 a·
1185 1518 1306 1590 valvu-

305 1637 351 1709 lis
375 1635 522 1708 occludi
543 1661 622 1706 non
648 1649 828 1733 possunt3
855 1650 917 1706 aut
940 1659 1020 1706 non
1040 1649 1150 1722 sunt,
1181 1637 1305 1734 sicque

234 1766 235 1770 ’
305 1779 374 1853 per
393 1753 559 1824 valvulas
583 1753 849 1824 concussiones
865 1777 1039 1849 quoque,
1056 1776 1204 1850 magnac
1224 1779 1306 1851 prae·

305 1872 445 1960 sertim,
457 1870 718 1942 traducuntur.
730 1869 803 1940 Sed
815 1871 885 1941 alia
895 1883 1073 1967 praeterea
1085 1895 1168 1940 non
1183 1897 1245 1942 me
1257 1869 1305 1942 su·

304 1991 432 2088 giunt,
463 2014 545 2086 quae
576 1988 785 2075 Lancisius,
814 1990 956 2085 quippe
986 1987 1083 2060 edita
1116 2004 1207 2085 post
1233 1990 1306 2085 ejus

303 2123 483 2193 mortem,
500 2107 678 2177 scirenon
688 2102 821 2203 potuit.
834 2109 1004 2202 Namque
1016 2104 1060 2174 cl.
1078 2107 1137 2175 vir
1154 2110 1305 2177 Moran-

304 2224 375 2296 dus
389 2223 443 2321 (1')
460 2248 545 2296 cum
559 2223 628 2293 alia
640 2223 687 2292 in
704 2221 853 2309 femina,
867 2237 1000 2320 praeter
1011 2223 1305 2321 palpitationem,

304 2355 341 2416 et
357 2343 472 2412 animi
487 2341 671 2438 deliquia,
689 2339 873 2412 assiduam
889 2339 1216 2413 animadvertisset
1230 2341 1305 2440 pul·

301 2461 486 2531 sationem
508 2483 691 2530 venarum
710 2458 963 2556 jugularium,
988 2483 1146 2555 quarum
1177 2461 1305 2531 crassi·

302 2577 397 2650 tudo
415 2577 573 2672 digitum
594 2577 769 2672 pollicem
789 2575 973 2672 aequabat,
998 2579 1037 2646 in
1058 2576 1305 2676 ejusdemque

304 2693 501 2782 cadavere,
524 2710 565 2765 ut
582 2694 819 2791 praedixerat,
840 2695 1044 2766 auriculam
1067 2694 1197 2767 cordis
1219 2696 1304 2767 dex-

300 2825 419 2882 teram
436 2811 638 2882 invenisset
652 2811 833 2910 polyposa
844 2813 1085 2884 concretione
1097 2836 1303 2910 propemo-

301 2927 393 3000 dum
407 2929 578 3026 plenam,
602 2929 707 3024 cujus
724 2931 816 2999 rami
835 2953 904 3027 per
923 2931 1112 3028 proximas
1132 2955 1250 3003 venas
1266 2930 1302 3001 in

296 3045 488 3143 jugulares
501 3070 621 3142 usque
634 3045 890 3143 pertinebant3
907 3046 1107 3118 arbitratus
1125 3062 1202 3134 cst,
1221 3073 1301 3120 san-

298 3164 422 3262 guinis
438 3165 651 3261 portionem
668 3186 689 3233 a
707 3163 889 3261 polyposa
907 3166 1150 3236 concretione
1169 3164 1301 3262 prohi-

297 3279 414 3352 bitam
432 3281 471 3349 in
486 3278 738 3350 ventriculum
756 3280 996 3369 descendere,
1015 3306 1113 3371 eam,
1130 3285 1301 3379 inquam,

100 3397 102 3401 ’
298 3399 526 3495 portionem,
543 3411 579 3468 et
593 3392 905 3496 quotiescumque
921 3424 959 3470 se
973 3399 1224 3472 contrahebat
1237 3425 1302 3471 au-

299 3514 432 3601 ricula,
453 3513 565 3608 hujus
591 3516 857 3586 constrictione
875 3517 914 3586 in
933 3539 1046 3586 venas
1064 3516 1146 3586 illas
1169 3541 1303 3588 secun·

298 3629 390 3701 dum
406 3653 598 3703 ramorum
618 3632 910 3731 polyposorum,
927 3632 1173 3708 directionem
1186 3632 1302 3706 fuisse

333 4001 378 4080 (1)
399 4005 488 4061 Mem.
507 4002 557 4060 cit.
574 4019 623 4059 an.
640 4001 725 4074 1732.
