2766 4670
300 415 368 488 106
462 435 509 486 nr
535 435 681 488 sameas
705 437 751 488 nr
777 437 902 488 causis
929 437 1140 488 uonnoaun

295 554 346 642 ri,
363 575 536 650 quorum
547 553 727 651 pleraque
740 567 806 627 aut
818 551 949 626 eadem
962 608 972 644 ,
985 568 1049 626 aut
1064 553 1232 651 ejusdem
1243 579 1311 654 ge·

294 671 417 758 neris,
437 687 580 744 suntac
599 694 712 771 supra
730 695 751 742 a
766 671 880 744 nohis
893 687 1198 744 commemorata.
1217 676 1312 764 Quae

295 791 441 862 utinam
463 790 590 860 omnia
608 790 768 886 spatium
798 789 1016 862 habuissent
1031 813 1097 879 eo,
1114 780 1194 887 qun
1224 790 1309 889 pnl-
1374 800 1375 848 t

295 907 394 997 lent,
413 908 490 978 acri
508 905 654 1003 judicio
679 907 918 979 examinandi
946 907 1237 1007 quaerendique,
1261 933 1308 982 an

296 1023 344 1096 ab
361 1023 598 1113 auctoribus,
619 1047 715 1121 quos
729 1023 904 1112 laudaut,
918 1024 1076 1125 singuiis
1089 1047 1211 1098 eaeres
1224 1026 1311 1096 visse

296 1142 454 1234 fuerint,
474 1143 560 1216 etsi
580 1139 742 1232 fuerint,
770 1167 818 1214 au
845 1167 897 1214 eae
918 1144 1006 1242 ipsae
1024 1141 1167 1216 fuerint
1191 1167 1313 1214 cause

298 1261 497 1334 surditatis.
528 1260 572 1333 Id
592 1277 802 1360 quaerentes
827 1263 1178 1336 animadvertissent
1205 1262 1311 1333 insn-

297 1403 382 1479 per,
401 1379 586 1452 nonnulla
608 1394 674 1452 aut
698 1405 778 1452 non
795 1379 948 1469 haberi,
974 1395 1038 1451 aut
1063 1402 1151 1449 nnn·
1165 1378 1216 1450 ita
1242 1378 1311 1448 ha·

298 1498 399 1589 heri,
425 1501 466 1569 in
486 1496 711 1596 quibusdam
732 1521 777 1569 ex
807 1497 914 1570 libris
931 1497 1114 1569 indicatis.
1141 1495 1310 1567 Valsaiva

302 1619 420 1706 enim,
441 1631 483 1688 ut
508 1615 670 1713 exempli
695 1637 805 1687 causa
826 1613 873 1687 de
899 1616 982 1713 ipso
1010 1629 1155 1686 tantum
1174 1611 1310 1696 dicam,

301 1757 382 1806 nnn
401 1759 422 1805 a
440 1732 698 1805 musculorum
717 1731 817 1804 tubae
834 1731 899 1803 sed
916 1755 936 1802 a
956 1729 1310 1829 salpingostaphyli·
1376 1735 1377 1742 ’

192 1911 193 1922 ,
301 1877 440 1926 norum
453 1851 602 1924 laesione
614 1849 784 1939 deduxit,
801 1873 881 1920 non
892 1849 1133 1937 surditatem,
1150 1847 1312 1945 sedgra·

304 1977 453 2044 vitatem
467 1969 621 2042 auditus
638 1995 648 2038 :
667 1993 887 2066 quanquam
905 1991 976 2066 ego
995 1966 1058 2063 (id
1077 1965 1181 2064 quod
1197 1965 1245 2037 ad
1266 1967 1311 2038 ie
1377 1975 1378 2040 3

302 2090 377 2161 tius
394 2112 510 2161 causae
527 2109 682 2158 examen
710 2085 867 2183 attinet)
894 2111 943 2157 ne
969 2086 1187 2184 gravitatem
1215 2082 1312 2155 hanc
1377 2097 1378 2104 ’

305 2205 460 2304 quidem
484 2206 524 2274 in
548 2229 597 2280 eo
622 2203 733 2277 fuisse
754 2203 989 2303 deprehendi
1004 2203 1077 2302 (ι),
1105 2203 1270 2301 quinon
1288 2201 1311 2271 ii

304 2338 450 2395 tantum
469 2323 552 2394 lcesi
569 2338 675 2395 erant
700 2324 881 2412 musculi,
910 2323 974 2396 sed
1003 2319 1117 2393 molle
1132 2319 1313 2420 palatum

304 2441 553 2539 absumptum·
564 2439 1081 2512 ceterumaduoerhaavium
1092 2452 1134 2510 ut
1144 2436 1313 2521 redeam,
1378 2495 1379 2515 ,

307 2555 455 2654 egregie
468 2557 546 2652 ipse
561 2555 618 2652 (a)
633 2555 823 2628 surditatis
838 2581 859 2627 a
875 2556 937 2658 lue
947 2581 1109 2628 venerea
1119 2581 1215 2656 eoepe
1230 2583 1314 2630 cau·

308 2695 386 2745 sam
400 2695 479 2744 esse
494 2672 747 2761 censet,·tubae
758 2672 1006 2750 eustachianae
1014 2677 1312 2763 concretionem,

307 2812 391 2887 quae
412 2789 586 2864 videlicet
603 2792 776 2865 ulcerum
805 2789 932 2866 fauces
953 2792 1193 2865 exedentium
1221 2796 1315 2866 cica-

305 2909 437 2982 tricem
457 2927 646 3008 sequatur.
662 2911 718 2986 hd
726 2910 945 3010 paralytica
960 2927 1103 3001 autem,
1123 2937 1206 3010 quae
1221 2911 1314 2983 indi·

308 3042 383 3117 cat,
407 3033 504 3100 vitia
528 3029 591 3127 (3)
615 3029 987 3121 membranulam,
1019 3045 1083 3102 aut
1109 3053 1313 3103 nervorum

306 3146 483 3218 vesn‘ban·
490 3137 505 3234 ,Χ
523 3145 739 3242 labyrinthi,
759 3146 923 3220 cochleae
937 3149 1030 3247 (pro
1045 3173 1122 3247 qua
1141 3163 1314 3248 typogra-

308 3263 377 3361 phi
397 3288 595 3363 perperam
619 3267 709 3339 alihi
732 3265 788 3363 (Δ)
810 3264 971 3365 spitales
988 3291 1122 3340 caveas
1149 3267 1318 3366 tympani

311 3382 565 3481 seripserunt)
582 3383 628 3455 ad
647 3384 729 3471 illa,
758 3384 915 3482 inquam
932 3400 996 3456 aut
1014 3383 1247 3482 ejuscemodi
1265 3383 1318 3456 vi·

412 3703 505 3776 Epist.
521 3707 611 3760 Anat.
630 3723 665 3778 9,
681 3724 711 3759 n.
724 3724 760 3779 9,
777 3725 822 3764 10.

414 3805 545 3860 Praeleet.
560 3805 609 3861 eit.
626 3805 665 3862 ad
680 3810 695 3876 §
709 3804 777 3862 852.
