2750 4658
288 429 358 502 218
452 451 499 496 aa
525 445 670 496 samnus
696 449 739 494 ιι
765 445 890 496 causis
916 447 1128 498 ιιοιιιιοιιιιιι

227 581 231 586 ’
285 565 357 641 hus
374 588 529 664 quoque
549 560 807 660 superioribus
819 559 1042 658 hydropicis
1055 561 1290 640 animadver-

286 699 361 773 tas3
376 684 414 754 in
434 681 585 760 duobus
603 694 727 757 autem
745 679 876 777 pulsus
887 679 1154 770 humilitatem,
1169 696 1206 762 et
1219 697 1289 760 tus·

287 804 355 879 sim
381 815 445 878 aut
474 800 636 885 irritam,
660 811 724 892 aut
747 795 823 870 fere
846 799 1010 887 irritam,
1042 815 1194 876 etcum
1220 799 1287 872 hac

289 945 370 1018 quae
395 915 698 1012 nihildenique,
724 915 795 991 nisi
822 916 1068 996 catarrhalem
1097 919 1286 990 materiam

288 1034 486 1119 educebat,
505 1034 818 1132 comparandam
834 1035 909 1130 jam
933 1051 1060 1132 potes,
1078 1036 1234 1132 opinor,
1249 1036 1286 1102 in

286 1154 359 1229 illis
376 1177 528 1250 quoque
546 1150 666 1222 tribus
682 1151 772 1247 quid
785 1151 830 1222 ad
847 1152 1011 1240 thoracis
1024 1159 1211 1250 'spectaret
1225 1151 1288 1248 hy·

163 1303 172 1324 ·
287 1269 465 1366 dropem‚
483 1269 575 1366 quid
592 1268 639 1340 ad
653 1269 735 1356 alia,
754 1295 842 1340 cnm
860 1269 935 1340 hoc
952 1271 1157 1366 conjuncta
1175 1270 1286 1367 suspi-

161 1473 165 1482 ,
287 1388 374 1460 cari.
390 1391 480 1476 Quae
499 1403 622 1458 tamen
645 1413 781 1485 angere
798 1388 1004 1485 praesertim
1023 1403 1199 1486 poteraut
1216 1387 1285 1485 spi-

286 1504 379 1576 ritus
404 1501 680 1590 difficultatem,
707 1520 749 1576 ut
774 1508 918 1578 cervtce
945 1521 1068 1586 erecta
1094 1506 1286 1588 ducendus

287 1637 392 1695 esset.
414 1627 545 1720 ltaque
561 1648 639 1694 non
653 1623 962 1722 miraberisquod
975 1649 1069 1696 anus
1082 1625 1122 1708 in
1137 1623 1287 1699 dorsum
1360 1647 1361 1664 ¹

288 1739 426 1812 cubare
445 1758 590 1839 posset;
605 1741 710 1839 quod
725 1758 850 1814 autem
867 1743 906 1812 in
922 1743 1221 1833 neutrumlatns,
1233 1741 1286 1810 ni·

286 1858 423 1932 mirum
445 1858 483 1928 id
503 1883 600 1957 aqua
615 1860 653 1930 in
676 1875 839 1957 utroque
857 1862 997 1958 pariter
1012 1885 1106 1944 cavo
1126 1873 1286 1958 aggesta,
1360 1890 1361 1918 ι

287 1974 353 2058 sed
375 1991 553 2051 neutrum
579 1975 673 2049 adeo
702 1977 885 2074 impleus,
915 1974 1111 2058 efficiebat.
1139 1982 1234 2065 Hoc,
1252 1988 1286 2049 et
1360 1965 1361 1998 l

286 2095 411 2192 aliqua
426 2121 557 2166 eorum
583 2121 665 2194 quae
685 2095 746 2168 hic
767 2097 980 2194 attigimus,
999 2110 1041 2168 ut
1062 2094 1213 2192 planius
1232 2093 1285 2168 in·
1360 2077 1361 2132 l

285 2215 448 2313 telligas,
478 2214 654 2291 historias
679 2212 863 2288 attendito
889 2237 972 2309 quae
998 2226 1231 2308 sequuntur,
1253 2220 1286 2276 et
1360 2217 1361 2292 ζ

287 2359 373 2406 curn
395 2333 465 2404 hac
483 2347 519 2406 et
539 2329 798 2428 superioribus
815 2345 1043 2427 comparato.

340 2476 393 2529 ιο.
421 2456 604 2530 Juvenum
622 2448 817 2528 mulierem
831 2449 960 2534 tussis,
972 2447 1063 2536 sitis,
1080 2439 1286 2544 respirandi
1360 2453 1361 2538 1

288 2565 489 2646 difficultas
506 2589 593 2639 cum
612 2564 677 2636 din
696 2580 904 2654 vexassent,
925 2581 1006 2636 tum
1030 2565 1221 2663 praecipue
1237 2559 1286 2642 nt·
1360 2553 1361 2640 l

287 2685 387 2762 timis
403 2685 485 2754 vitae
502 2683 636 2766 diebus
656 2699 773 2780 noctu
789 2683 1022 2782 premebant.
1039 2683 1217 2768 Tussiens
1233 2702 1286 2753 ca·

287 2799 490 2880 tarrhalem
511 2801 702 2885 interdum
722 2801 927 2900 exspuebat
942 2800 1137 2883 materiam
1157 2827 1164 2868 :
1184 2796 1226 2884 in
1245 2795 1287 2878 si·
1360 2809 1361 2874 ξ

284 2919 449 2995 'nistrum
477 2921 570 2992 latus
594 2921 645 2992 ob
669 2920 967 3019 praecordiorum
998 2921 1212 3016 angustiam
1233 2915 1289 2986 de·
1360 2979 1361 2988 ,

290 3036 468 3109 cumbere
489 3064 567 3111 non
588 3054 757 3137 poterat3
784 3040 909 3135 itaque
932 3036 1079 3134 jacebat
1104 3037 1144 3111 in
1168 3034 1288 3120 dexte·

288 3181 385 3235 rum.
398 3155 515 3236 Pedes
522 3156 706 3238 oedemate
717 3171 823 3230 erant
836 3156 991 3253 turgidi:
1004 3153 1115 3240 facies
1124 3175 1289 3250 quoque,

290 3289 327 3344 et
343 3288 493 3362 venter,
509 3275 649 3356 sedhic
667 3275 817 3363 leviter,
832 3275 1099 3358 intumuerant.
1116 3275 1208 3344 Tres
1225 3271 1288 3356 cir·
1360 3268 1361 3278 ’

290 3390 383 3465 citer
401 3407 488 3464 ante
508 3407 669 3472 mortem
693 3391 771 3479 dies
791 3407 871 3476 erat
891 3393 999 3490 quasi
1020 3389 1289 3476 somniculosa,

288 3507 471 3606 tardeque
491 3509 769 3609 respondebat:
790 3509 950 3594 biduum
969 3510 1146 3588 ultimum
1163 3507 1289 3604 pulsus

288 3629 438 3724 penitus
457 3628 736 3710 delitescebant.

338 3749 381 3816 In
394 3763 525 3818 ventre
545 3743 798 3830 effusumt
718 3761 798 3830 erat
812 3767 938 3829 serum
956 3744 1005 3825 ad
1021 3713 1097 3816 tres
1113 3757 1288 3840 quatuor·
1360 3835 1361 3842 ἵ

288 3887 333 3934 vc
351 3862 474 3940 libras.
489 3870 614 3962 Hepar
631 3863 897 3962 subpallidam,
914 3863 990 3936 lien
1005 3862 1175 3958 exiguum
1186 3872 1287 3930 caete-
1360 3852 1361 3934 ζ

225 4028 228 4033 ,
289 3957 375 4056 *rum
385 3996 590 4080 utrumqne
604 4007 747 4064 sanum.
760 3983 832 4058 Vix
847 3980 993 4064 ullum
985 4006 1024 4056 ιιι
1037 3993 1170 4064 ventre
1182 3998 1291 4076 appa·

1359 3964 1361 4088 1
