2842 4672
211 518 215 531 s
266 489 335 542 tta.
363 491 387 540 1.
415 487 461 540 oa
487 488 622 540 nonus
646 487 802 556 cirins,
826 491 937 540 ar1sr.
963 495 1043 540 xni.
1122 495 1146 570 9

144 629 192 707 pe
204 613 317 704 spina
334 605 439 678 dorsi
454 607 587 678 litteren
602 610 630 678 S
644 607 789 692 similis,
806 623 843 680 et
860 632 904 678 ex
921 609 1046 680 incisis
1063 609 1146 704 pul-

144 723 325 796 monibus
347 723 523 822 prodibat
544 723 679 794 humor
693 729 896 824 pituitosos
921 741 957 794 et
979 728 1160 806 subalbi-l

148 843 219 914 dns
238 869 250 912 .·
271 867 349 940 quo
374 856 560 940 spectato,
585 842 650 913 alii
671 842 736 939 qui
759 843 896 914 rectius
921 844 1145 926 sentiebant,

145 960 284 1031 medici
302 960 524 1031 sententiam
550 957 739 1030 Heucheri
756 957 988 1031 referebant:
1008 960 1108 1056 sigili
1131 1003 1145 1016 -

144 1075 207 1148 tint
218 1077 261 1147 izi
271 1077 447 1148 catarrho
456 1078 636 1168 snffiicoti
647 1075 822 1148 censendi
829 1091 932 1164 sunt,
949 1081 1079 1173 quibus
1088 1103 1145 1148 se-

145 1219 242 1280 rum,
254 1219 318 1266 sen
334 1194 486 1294 lympha
501 1200 706 1291 sanguinis,
719 1196 1009 1293 quacumquc'de
1019 1221 1144 1284 carisa,

143 1317 297 1398 vitiata,
320 1317 507 1409 copiosius
527 1318 781 1410 respirationis
800 1337 946 1408 organa
967 1330 1146 1412 occupat,

144 1443 180 1497 et
207 1433 245 1497 in
271 1429 457 1498 bronchiis
478 1428 722 1525 vesiculisque
737 1427 961 1528 pulmonum
976 1438 1145 1529 pertina-

142 1548 282 1615 cissime
304 1559 503 1642 restagnat.
529 1546 661 1618 Cordis
683 1562 808 1619 antem
830 1547 1008 1646 polypus,
1030 1573 1146 1645 quem

143 1684 229 1733 cum
254 1663 335 1734 aliis
358 1664 448 1733 olim
478 1689 702 1755 accusasses,
730 1668 769 1736 in
798 1683 929 1739 nostro
957 1691 1145 1764 nusquam

145 1777 213 1850 tuit
245 1805 507 1878 :quamquam
534 1782 580 1854 de
605 1784 751 1880 polypis
781 1783 905 1855 cordis
937 1782 1030 1881 quid
1059 1809 1144 1857 sen·

141 1899 253 1986 tiam,
279 1897 368 1970 alias
396 1899 462 1995 (1)
489 1899 673 1986 scribam,
702 1914 738 1970 et
766 1902 852 1972 satis
878 1899 917 1972 in
951 1904 1146 1998 praesentia

142 2031 235 2088 esset
255 2015 358 2087 docti
378 2017 448 2086 viri
475 2015 529 2112 (a)
552 2017 618 2112 qui
637 2039 700 2086 eos
721 2019 907 2113 agnoscit,
935 2017 1147 2090 dissensum

139 2132 311 2232 proferre
330 2133 377 2206 ab
399 2135 558 2232 illisqui
579 2133 666 2206 inde
688 2134 880 2205 catarrhos
906 2131 1145 2206 suffocativos

140 2253 345 2326 deducunt.
367 2251 570 2324 Evidenter
586 2257 677 2324 sntr's
691 2257 728 2322 in
747 2243 931 2323 cctarrizis
949 2253 1148 2345 suffocati-

121 2363 213 2458 'ris,
246 2371 395 2468 inquit,
421 2395 535 2441 causo
563 2376 724 2441 exterius
755 2369 890 2440 auditu
912 2375 1144 2468 percipitur,

139 2490 228 2560 dnm
248 2488 398 2561 vissedu
417 2495 454 2558 in
477 2490 658 2560 bronchia
672 2488 896 2586 pulmonum
913 2492 1061 2586 copiose
1079 2485 1145 2558 de-

140 2611 240 2700 lata,
252 2603 534 2708 respirationem
546 2608 670 2679 reddit
679 2633 857 2680 sonorum
867 2615 920 2679 ita
933 2614 1092 2705 utqnusi
1106 2615 1145 2680 in

139 2726 212 2798 illis
231 2731 346 2823 coqui
368 2732 527 2811 materia
552 2725 736 2797 uideatur.
763 2725 909 2797 Deinde
923 2727 1038 2818 facta
1054 2737 1147 2824 post

138 2860 293 2915 mortem
324 2849 505 2933 sectione,
534 2868 648 2914 consa
678 2842 845 2913 cotnrrlai
868 2844 1084 2934 suffocativi
1105 2848 1144 2914 in

138 2986 270 3034 monus
289 2976 325 3032 et
342 2960 469 3031 oculos
490 2965 663 3046 incurrit,
695 2959 785 3031 dnm
807 2959 988 3031 bronchia
995 2961 1084 3052 fere
1105 2965 1144 3030 in

140 3094 257 3149 totum
279 3078 466 3150 urscedine
487 3077 630 3176 repleta
656 3082 903 3175 reperiuntur.
926 3077 1007 3147 Fuit
1030 3078 1144 3174 igitur

138 3197 175 3266 in
197 3196 356 3294 praesule
375 3196 671 3268 eminentissimo
694 3193 888 3266 catarrhus
903 3191 1144 3268 suffocativus

138 3337 235 3410 pene
264 3313 341 3384 dixi
363 3312 482 3410 qualis
497 3313 559 3384 ille
579 3310 648 3383 fuit
667 3311 808 3408 dequo
830 3311 874 3380 cl.
900 3315 918 3381 J
922 3337 955 3380 o.
968 3310 1064 3402 ,δώ
1081 3311 1145 3383 Al-

137 3429 318 3504 brechtus
343 3431 398 3528 (3)
416 3431 455 3500 in
482 3431 666 3528 epideniia
694 3427 893 3501 catarrhali
919 3428 966 3500 de
995 3453 1145 3529 sexage·
1211 3483 1214 3490 -

137 3550 242 3652 naria
262 3547 401 3621 femina
419 3549 534 3619 verba
556 3548 711 3636 faciens,
732 3545 1001 3647 haecvscripsit:
1020 3563 1144 3622 catar-

192 3854 202 3890 1
241 3835 264 3890 E
287 3833 322 3890 is.
339 3852 355 3890 a
378 3874 385 3889 .

175 3832 220 4010 {a}
241 3854 307 3990 Altit-
320 3839 411 3990 1ηέἀο
425 3934 543 3990 citator.
555 3933 617 3987 vol.
635 3936 651 3998 4
667 3933 699 3988 in
710 3934 866 4008 Append.‚
880 3952 910 3988 n.
923 3933 975 4001 IV,
990 3935 1005 4001 ς
1019 3949 1046 4000 7.

176 4032 219 4112 (3)
240 4036 406 4094 Commerc.
421 4035 526 4094 Litter.
539 4052 587 4092 an.
602 4034 694 4108 1743,
709 4034 806 4096 Heba.
823 4042 869 4106 14,
884 4053 915 4092 u.
929 4051 941 4090 1
955 4030 989 4088 iu
1001 4027 1053 4087 fin.
1076 4079 1080 4090 .
