2832 4662
320 404 390 480 588
478 429 525 477 on
551 429 699 480 sumnus
724 431 768 481 nr
793 430 917 486 cauus
943 430 1156 482 nonnosum
1227 431 1231 442 ¹

315 543 519 614 ricardium
531 545 677 642 ingenti
687 569 792 643 aquae
804 546 914 644 copia
930 559 1066 644 turget.
1078 547 1261 648 Denique-
1271 550 1326 622 in-

317 662 622 758 gravescentibus
643 662 972 761 symptomatibus,
996 664 1095 735 circa
1112 662 1218 737 diem
1233 665 1328 738 obiit

305 778 493 852 eumdem
506 782 716 879 quoprior,
728 779 917 874 decimum
929 795 1087 852 sextum.
1101 780 1326 856 luthoracis

310 897 465 969 ‘sinistra
484 921 594 970 cavea
611 897 766 995 limpida
784 896 977 995 stagnabat
991 922 1104 995 aqua,
1118 900 1257 996 inqua
1277 925 1327 974 sa·

313 1039 408 1104 nus,
428 1030 465 1086 et
485 1015 629 1088 solutus
649 1016 818 1112 undique
833 1031 917 1098 erat
943 1015 1087 1113 pulmo.
1119 1015 1326 1090 Induratus

313 1156 424 1217 vero,
444 1131 699 1229 proximisque
713 1132 901 1236 partibus,
920 1133 1174 1231 etpraesertim
1194 1157 1324 1206 versus

316 1248 507 1346 scapulam
525 1243 645 1319 valide
660 1273 840 1338 annexus,
852 1251 920 1348 qui
935 1250 975 1320 in
984 1249 1158 1321 dextera:
1175 1235 1247 1320 ubi
1257 1249 1324 1321 hu·

313 1389 399 1436 mor
412 1379 505 1436 'erat
520 1364 665 1436 vaccini
688 1368 763 1438 seri
782 1368 930 1457 similis,
954 1369 995 1438 in
1020 1390 1145 1464 eoque
1164 1390 1324 1440 concre-

308 1486 435 1558 tiones
448 1485 617 1582 quadam
630 1479 837 1556 referentes
849 1482 1028 1556 albumen
1042 1485 1085 1554 in
1099 1483 1226 1568 calida
1238 1483 1323 1556 den·

308 1603 507 1677 natum..ln
526 1601 738 1700 pericardio
757 1603 915 1672 omnino
934 1601 1064 1673 similis
1083 1600 1255 1691 humor,
1277 1603 1321 1674 si·

308 1720 539 1816 milibusque
556 1743 640 1790 cum
655 1717 975 1806 concretionibus,
987 1719 1160 1791 interiori
1175 1718 1321 1814 ejusfa-

312 1838 400 1926 ciei;
417 1838 541 1911 cordis
552 1849 677 1906 autem
689 1834 864 1906 exteriori
881 1834 1036 1906 annexis
1052 1858 1094 1906 ea
1112 1836 1225 1932 copia
1241 1837 1322 1908 ine·

301 1969 388 2043 rat,
405 1957 447 2026 nt'
470 1951 724 2052 pericardium
741 1950 832 2024 hinc
851 1950 1076 2042 distentum,
1101 1953 1239 2049 ingens
1257 1977 1319 2024 oc-

309 2086 464 2170 cuparet
479 2070 644 2142 thoracis
664 2071 834 2168 spatium.
848 2069 987 2143 ,Cordis
1005 2069 1210 2141 ventriculi
1226 2095 1319 2142 con-

309 2189 496 2260 cretiones
530 2188 733 2286 polyposas
763 2185 894 2262 dexter
927 2187 1133 2283 majorem,
1166 2187 1321 2262 sinister

309 2305 496 2377 minorem
514 2304 779 2378 continebant

357 2419 414 2520 37.
437 2424 526 2511 Quae
544 2421 591 2492 ad
607 2419 806 2520 pericardii
821 2419 1035 2518 hydropem
1049 2423 1235 2512 attinent,
1251 2425 1317 2495 ali·

306 2538 347 2610 bi
364 2539 417 2637 (1)
433 2563 477 2610 ex
494 2536 641 2610 duabus
661 2537 762 2612 hisce
782 2537 1108 2613 observationibus
1126 2543 1319 2640 excerpsi,

307 2681 350 2728 ac
364 2654 561 2755 perpendi.

323 2857 324 2861 Ἰ
354 2777 409 2844 De
420 2770 730 2846 concretionibus
748 2789 872 2864 auteur
887 2773 1045 2846 interius
1066 2773 1135 2862 illi,
1157 2789 1196 2848 et
1211 2771 1316 2846 cordi

307 2894 468 2965 exterius
477 2891 776 2982 adhaerentibus,
790 2909 855 2968 aut
870 2895 911 2964 in
930 2891 1049 2966 effuso
1064 2895 1105 2964 in
1116 2889 1317 2988 thoracem

306 3037 390 3084 sero
401 3009 679 3098 innitentibuS,
694 3009 946 3106 duratumque
959 3006 1138 3078 albumen
1150 3002 1315 3075 referen-

304 3129 424 3217 tibus,
442 3153 520 3200 non
535 3152 643 3199 secus
655 3126 876 3199 habendum
889 3141 945 3202 est
958 3150 1000 3196 ac
1019 3124 1066 3196 de
1079 3123 1315 3219 caeterisque

304 3247 423 3318 autin
442 3243 642 3342 gelatince,
665 3259 729 3316 aut
757 3242 1128 3316 inmembranarum
1152 3238 1314 3310 modum

304 3363 394 3434 alias
409 3363 600 3451 innatant,
615 3365 809 3436 autinstar
822 3361 1031 3436 retitularis¹
1046 3358 1315 3457 corporis,aut
1332 3353 1335 3360 “

304 3481 438 3554 tunicae
457 3480 635 3574 alicujus,
658 3466 948 3552 memoratarum
969 3478 1135 3576 partium
1154 3471 1315 3573 superfi-

305 3598 392 3686 ciei,
409 3621 505 3694 saepe
525 3597 635 3670 etiam
651 3596 901 3695 pulmonum,
920 3594 1114 3692 etpleurae
1126 3592 1314 3690 imposita

343 3980 388 4060 (1)
408 3981 502 4057 Epist.
518 3977 568 4054 16,
584 3998 615 4038 a.
632 3980 679 4050 45.
