2766 4670
150 448 223 496 ma.
247 450 289 496 11.
316 449 363 496 DE
389 445 525 496 nonnts
550 445 749 512 montem,
775 447 886 504 amsa).
914 445 1070 526 liv-'177

72 561 185 660 paulo
199 576 307 660 post,
323 559 492 634 admissis
502 561 542 630 in
562 559 647 632 cibo
664 575 852 660 potuque,
875 577 911 634 et
922 564 1075 638 assidua

72 679 250 752 cannabis
267 681 486 751 tractatione
504 679 789 767 erratis,rursus
797 694 925 776 petere
933 681 1074 754 lectum

73 797 221 894 cogitur
239 795 347 866 valde
365 796 447 868 laesa
465 796 732 895 respiratione,
749 810 792 868 ut
815 811 939 870 erecta
958 801 1074 899 spiret

73 915 232 1003 cervice,
249 913 364 1012 idque
386 938 472 984 cum
496 912 627 1003 sibilo,
648 927 685 985 et
708 939 843 1014 magna
867 915 1090 992 elevatione

73 1029 296 1102 abdominis.
315 1027 526 1103 Difficulter
535 1031 722 1129 loquitur,
736 1029 772 1104 et
782 1057 853 1130 per.
863 1034 1075 1126 intervalla,

75 1147 113 1217 id
139 1161 195 1222 est
221 1173 310 1220 cum
327 1172 450 1220 aerem
477 1149 650 1246 exspirat.
678 1151 820 1222 Tussit:
839 1151 879 1222 in
903 1147 1076 1226 faucibus

77 1264 250 1336 ardorem
266 1265 396 1337 sentit:
411 1265 534 1354 dolet,
548 1291 627 1336 non
639 1266 817 1357 internis,
835 1265 901 1340 sed
912 1269 1076 1344 externis

75 1382 239 1454 thoracis
263 1397 301 1455 et
320 1385 460 1456 ventris
486 1383 674 1480 partibus;
701 1385 839 1483 vigiliis
863 1399 1073 1484 torquetur.

76 1501 238 1570 Demum
253 1517 416 1598 quatuor
426 1516 508 1590 ,aut
522 1501 807 1600 quinque·horis
817 1502 864 1575 ab
882 1521 1075 1604 assumpto

74 1615 161 1688 bolo
182 1619 314 1716 opium
332 1617 514 1708 habente,
532 1643 618 1691 cum
641 1619 798 1705 inlecto
821 1621 982 1717 amplius
1005 1623 1076 1698 du·
1170 1666 1173 1670 ·

76 1759 154 1807 rare
170 1759 251 1806 non
273 1737 408 1832 possit,
429 1734 617 1808 ambulat:
637 1734 856 1833 lectumque
878 1753 1073 1834 repetens,

77 1853 282 1950 improviso
300 1851 390 1923 obit.

120 1975 267 2043 Ventre
283 1985 319 2040 et
331 1961 484 2041 thorace
503 1971 663 2068 apertis,
681 1985 811 2042 caetera
827 1973 969 2044 viscera
986 1996 1076 2047 sana

77 2089 227 2160 inventa
244 2104 332 2160 sunt
349 2091 491 2178 omnia;
510 2075 587 2159 imo
600 2089 657 2160 vel
676 2088 715 2159 in
732 2090 822 2186 ipsis
831 2089 1077 2188 pulmonibus

78 2204 170 2276 nihil
201 2219 258 2277 est
286 2205 387 2276 aliud
415 2187 737 2295 animadversum
764 2207 836 2277 nisi
860 2207 964 2304 quod
992 2231 1076 2307 aere

79 2321 192 2394 valde'
203 2321 422 2420 turgebant,
440 2323 631 2422 nigrisque
652 2322 713 2395 hic
733 2322 808 2400 illic
829 2325 984 2406 maculis
1001 2325 1079 2424 dis·-¹

80 2439 530 2538 tinguebantur.Parvula
541 2441 782 2512 concretione
792 2440 985 2539 polyposa‚
995 2467 1077 2539 quae

80 2554 144 2630 luit
164 2559 206 2628 in
231 2557 384 2630 dextero
410 2559 619 2630 ventriculo
639 2558 782 2648 cordis,
801 2574 972 2656 excepta,
989 2559 1077 2632 reli·-

82 2699 177 2771 quus
199 2675 349 2774 sanguis
369 2677 577 2748 naturalem
599 2675 883 2773 quodammodo
907 2675 1077 2748 servabat

82 2790 248 2864 fluorem.
275 2795 410 2864 Cranio
437 2809 561 2864 autem
582 2808 732 2891 aperto,
754 2794 921 2891 primum
942 2793 1076 2889 gelati-

81 2934 173 2982 aosa
196 2911 269 2982 seri
286 2912 477 2983 concretio
494 2927 693 3009 conspecta
713 2927 768 2983 est
781 2913 878 2982 circa
891 2935 977 2984 vasa
993 2935 1076 2982 san-

83 3026 221 3124 guifera
242 3010 337 3125 ,per
356 3043 508 3099 tenuem
534 3030 749 3126 meningem
775 3029 943 3126 repentia
957 3055 973 3096 a
995 3043 1076 3098 tum

82 3167 206 3218 serum
228 3145 451 3243 limpidum,
474 3146 642 3218 laterales
664 3145 826 3242 implens
848 3145 1078 3218 ventriculos

82 3263 244 3349 cerebri,
258 3265 368 3360 quale
387 3280 423 3335 et
434 3265 532 3334 intra
547 3260 887 3362 primas'vcrtebras
897 3262 994 3333 circa
1006 3287 1077 3334 me-

82 3379 220 3452 dullam
239 3381 419 3478 spinalem
442 3397 633 3478 repertum
650 3395 724 3452 est:
738 3379 902 3476 denique
921 3380 1001 3477 ipsa
1017 3405 1077 3454 ce·

82 3497 181 3571 cebri
199 3523 398 3596 compages
409 3523 516 3596 aequo
532 3499 648 3569 laxior
661 3513 715 3570 est
731 3496 996 3580 animadversa.

130 3643 161 3713 7.
178 3618 255 3693 Etsi
272 3614 377 3694 facile
397 3631 571 3714 poterant
581 3615 696 3712 aliqui
713 3614 919 3704 secundum
937 3641 1078 3712 eaquae

82 3754 149 3804 nos
163 3758 341 3832 quoque,
359 3734 447 3806 alias
464 3731 518 3832 (1)
534 3732 581 3804 ad
604 3747 640 3803 tc
662 3731 887 3817 scribentes,
913 3756 1080 3803 comme-

115 4018 159 4097 (1)
178 4019 262 4098 Epist
279 4037 314 4092 7,
327 4038 357 4075 n.
373 4021 419 4084 14.

152 4126 184 4170 2.
