2842 4672
189 428 266 478 nm.
292 427 319 476 1.
345 426 395 476 na
417 394 878 495 uoamscar1r1s',nr1sr.
904 421 979 480 mv.
1044 433 1089 508 77

692 644 1094 670 mmm

67 838 356 922 arlsrota
381 839 958 956 aaaromco-mnmca
976 841 1091 925 xiv,

74 1071 225 1167 Agitur
238 1068 287 1142 de
294 1073 457 1142 Aurium
473 1084 511 1140 et
522 1069 686 1144 Narium
699 1071 920 1162 Afflctibus.
931 1071 1094 1172 Aliquid

258 1205 261 1210 ·
389 1184 549 1257 additur
564 1185 612 1257 de
625 1185 807 1258 Balbutie.

77 1364 195 1492 Cau
206 1415 362 1491 minime
372 1421 615 1519 ignores,vel
623 1420 790 1519 plurade
799 1421 965 1512 auribus,
975 1448 1089 1522 quam

80 1535 126 1608 de
142 1537 290 1626 oculis,
306 1562 327 1608 a
343 1537 531 1624 Valsalva,
551 1551 588 1610 et
603 1537 744 1612 anobis
752 1539 850 1612 edita
863 1564 960 1629 esse;
978 1543 1091 1612 mini·
1119 1636 1121 1639 r

82 1679 142 1726 me
157 1677 320 1754 quoque
333 1654 529 1728 miraberis
542 1710 552 1745 ,
567 1657 598 1728 si
611 1655 671 1727 vel
681 1659 860 1755 pauciora
870 1657 916 1729 de
927 1643 1089 1755 aurium,

82 1796 200 1870 quam
215 1770 264 1843 de
278 1769 682 1844 oculorumaffectib'us
692 1787 845 1863 restent,
854 1797 936 1872 quae
948 1769 1011 1847 hic
1022 1773 1092 1849 tibi

83 1916 127 1962 ex
148 1891 351 1988 utriusque
379 1906 553 1963 nostrum
580 1888 905 1992 obseruationibus
928 1893 1091 1989 perscri-

81 2005 237 2080 bantur.
254 2013 386 2106 Itaque
408 2009 456 2080 ad
474 2006 630 2080 morbos
652 2007 799 2079 aurium
824 2009 973 2079 narium
992 2034 1092 2079 mor·

83 2122 153 2198 bos
174 2125 446 2224 adjungemus,
465 2127 671 2226 praesertim
689 2123 842 2223 quando
856 2125 1094 2224 Sepulchreti

87 2258 219 2315 auctor
236 2243 330 2329 hos,
351 2244 511 2340 illosque
525 2239 673 2314 duabus
693 2242 867 2340 quidem,
885 2243 951 2316 sed
967 2243 1093 2316 brevi-

85 2356 173 2450 bus,
190 2361 422 2460 sectionibus
437 2364 525 2430 XIX
539 2377 576 2432 et
593 2361 662 2430 XX
683 2355 901 2458 complexus
916 2376 980 2433 est.

135 2506 167 2550 α.
186 2480 371 2550 Sectionis
382 2481 471 2548 XIX
480 2478 734 2550 observationi
747 2475 875 2576 primae
889 2463 998 2550 facile
1008 2500 1093 2576 cog-

89 2619 221 2668 nosces
247 2591 439 2693 praefixum
461 2618 539 2667 esse
559 2609 822 2692 argumentum
844 2619 865 2666 a
887 2619 979 2666 vero
1004 2594 1094 2667 alie·

91 2735 180 2784 num
199 2741 207 2782 :
226 2737 337 2784 aures
345 2709 561 2810 purulentce
572 2713 622 2783 ab
642 2713 812 2784 abscessu
827 2712 977 2782 cerebri.
997 2713 1094 2784 Nam
1218 2728 1223 2735 ’

91 2845 242 2920 contra,
258 2829 404 2902 cerebri
419 2825 632 2924 abscessus,
653 2831 760 2925 cujus
779 2829 883 2900 nulla
900 2831 1096 2927 praegressi

91 2947 228 3021 indicia
241 2941 464 3037 narrantur,
480 2963 706 3020 consecutus
719 2963 774 3018 est
787 2945 1093 3043 suppressionem

91 3063 307 3163 ichoris‘per
317 3089 447 3136 aurem
459 3061 655 3138 effluentis.
672 3062 743 3135 Sed
760 3087 885 3160 neque
898 3062 1015 3132 altera
1030 3060 1094 3132 ob-

93 3183 269 3270 servatio,
295 3182 443 3279 quaein
469 3179 639 3278 subjecto
672 3165 818 3253 scholio
844 3180 1095 3277 proponitur,

94 3294 195 3370 facile
214 3295 337 3371 fuerat
353 3299 424 3371 alia
443 3323 556 3397 quam
579 3298 651 3370 hac
670 3299 840 3385 ratione,
854 3294 1095 3394 explicanda,

97 3417 236 3489 etiamsi
249 3429 527 3513 postmortem,
542 3416 686 3489 reclusa
696 3416 873 3504 calvaria,
884 3414 1005 3486 sanies
1015 3439 1098 3513 quae

98 3533 238 3606 solebat
252 3533 344 3604 olim
364 3559 409 3606 ex
427 3559 517 3607 aure
540 3533 687 3633 egredi,
702 3537 802 3606 intra
823 3534 926 3605 illam
946 3546 1097 3629 reperta
1161 3563 1163 3568 ’

99 3665 198 3722 esset.
212 3650 326 3741 Quod
342 3676 429 3723 cum
444 3651 532 3724 alias
550 3649 605 3750 (1)
621 3650 905 3740 declaraverim,
924 3649 986 3721 hic
1007 3675 1098 3721 eon·
1201 3637 1203 3642 ¹

101 3977 113 4002 -·
136 3963 179 4044 (ι)
197 3967 295 4044 Epist.
309 3970 398 4027 Anat.
411 3989 446 4043 7,
463 3989 494 4027 n.
508 3969 536 4027 8.
