2832 4662
305 403 377 480 516
470 427 517 474 nn
543 423 688 477 sumans
714 425 758 472 rr
783 421 906 474 causrs
931 425 1142 474 nonnonuu

300 543 427 619 mibus
441 539 565 640 possis
585 561 682 635 quos
699 563 719 610 e
743 535 990 637 pulmonibus
1011 539 1209 613 extussitos
1227 566 1309 613 ma·

297 664 400 760 jures
410 659 424 757 (
431 657 464 755 1⁴)
474 655 723 743 tradiderunt,
733 656 809 728 sive
826 654 879 726 ibi
889 657 1052 753 genitos,
1068 659 1144 728 sive
1155 657 1309 730 aliunde

300 780 427 879 potius
447 797 598 870 censeas
622 771 825 844 advenisse.
851 775 896 842 In
921 772 1039 871 talpa,
1067 799 1183 872 quam
1209 778 1308 846 utin

300 920 399 994 aqua
415 889 658 978 suffocarent,
681 888 943 961 laboraverant
959 889 1044 979 diu,
1064 903 1100 962 e't
1120 916 1237 990 quam
1254 909 1309 964 ta-

300 1037 389 1084 men
416 1009 631 1082 semivivam
665 1005 851 1093 dissecui,
887 1007 1120 1080 ventriculus
1146 1034 1308 1106 paucam

299 1152 435 1227 aquam
444 1122 621 1211 habuit3e
632 1122 877 1221 pulmonibus
891 1139 1028 1212 autem,
1044 1125 1217 1224 alioquin
1228 1143 1307 1199 tur·

301 1245 412 1344 gidis‚
433 1266 512 1312 non
528 1264 640 1337 aqua,
658 1239 723 1311 sed
743 1261 942 1337 spumosus
955 1238 1094 1312 humor
1104 1266 1307 1341 expressus

300 1377 365 1436 est.
378 1358 497 1432 Muris
515 1355 710 1428 domestici
725 1381 795 1428 nec
804 1357 1055 1446 ventriculus,
1072 1383 1143 1429 uec
1156 1360 1305 1457 pulmo·

299 1504 367 1552 nes
375 1476 582 1577 quidquam
593 1471 812 1544 habuerunt
823 1497 945 1571 aquae,
958 1474 998 1544 iu
1012 1499 1087 1571 qua
1097 1477 1275 1573 perierat.

347 1599 478 1692 Neque
492 1593 533 1665 in
546 1590 639 1689 glire
653 1603 839 1678 nostrate,
852 1590 983 1664 eade'm
997 1606 1119 1664 morte
1135 1617 1303 1692 peremp-

298 1730 356 1804 to,
365 1713 473 1785 aliter
482 1709 626 1796 inveni;
635 1730 722 1778 nam
736 1707 804 1779 etsi
812 1707 1045 1780 ventriculus
1055 1707 1302 1784 subflaecidus

298 1832 500 1904 humorem
512 1824 748 1913 continebat3
765 1826 797 1896 is
809 1839 909 1896 certe
923 1850 1002 1916 non
1016 1840 1096 1897 erat
1107 1851 1216 1925 aqua.
1234 1833 1301 1900 Hu-

296 1952 358 2048 jus
376 1971 532 2047 quoque
550 1945 744 2041 laryngem
759 1965 838 2013 non
856 1941 1043 2014 occlusam
1061 1944 1191 2017 inveni
1202 1997 1213 2029 ‚
1226 1949 1299 2044 epi-

298 2066 494 2167 glottidem
514 2078 639 2148 autem
652 2060 836 2134 humilem
847 2060 940 2133 adeo
955 2075 998 2134 ut
1013 2063 1076 2133 vix
1090 2079 1296 2162 appareret.

296 2187 523 2281 Quanquam
535 2195 660 2252 autem
670 2204 749 2251 non
763 2180 802 2250 in
816 2177 1017 2252 submersis
1030 2179 1207 2278 singulis,
1221 2207 1298 2280 quae

298 2301 475 2389 dissecta,
492 2295 716 2370 animalibus
735 2297 889 2367 minime
912 2295 1125 2395 depressam
1143 2299 1299 2397 epiglot·

293 2419 425 2506 tidem,
434 2417 666 2514 minimeque
676 2414 1066 2513 occlusamlaryngem
1077 2442 1296 2506 memorem3

295 2537 443 2607 nullum
461 2547 587 2606 tamen
611 2535 782 2605 omnium
797 2530 910 2606 luisse
931 2531 1042 2621 scito,
1060 2534 1100 2604 iu
1125 2548 1204 2632 quo
1224 2535 1295 2607 haec

296 2650 549 2750 quasiverim,
575 2649 680 2746 quod
702 2649 748 2723 ad
766 2648 941 2722 eumdem
960 2648 1117 2722 modum
1135 2677 1217 2724 non
1234 2653 1294 2724 ha·

295 2767 432 2840 buerit.
726 2850 729 2856 .
876 2839 879 2846 ,

344 2890 402 2973 [μ.
421 2886 516 2956 Cum
530 2908 621 2956 vero
639 2885 728 2958 alias
744 2882 826 2955 aliis
844 2883 891 2957 de
913 2887 1033 2958 causis
1048 2909 1173 2958 unum
1199 2904 1294 2961 catu·

291 3003 388 3089 lum,
405 3014 442 3076 et
456 2999 545 3072 feles
562 3000 673 3086 duas,
691 3013 802 3070 nocte
820 3000 992 3097 proxima
1007 2999 1126 3082 editas
1134 3055 1148 3088 ,,
1160 3005 1291 3076 incisu·

290 3143 376 3208 rus,
393 3118 668 3203 meminissem,
685 3115 794 3186 illum
813 3114 953 3198 diutius
970 3116 1009 3186 in
1027 3141 1125 3214 aqua
1144 3121 1291 3208 vixisse,

291 3237 359 3309 has
376 3261 486 3325 vero,
504 3250 705 3335 postquam
728 3233 794 3305 diu
820 3235 951 3306 conati
968 3247 1091 3307 essent
1108 3234 1181 3306 sub
1201 3261 1289 3333 aqua

291 3353 497 3444 suffocare,
516 3370 553 3426 et
579 3350 780 3425 suffocasse
798 3351 953 3431 demum
971 3351 1187 3440 crederent,
1207 3353 1289 3424 alla·

290 3485 366 3561 tas,
390 3496 458 3567 per
484 3493 651 3544 mensam
680 3470 928 3540 anatomicam
946 3482 1095 3566 reptare
1116 3470 1288 3565 coepisse;

289 3585 462 3687 pluribus
476 3589 516 3656 in
532 3584 668 3658 felibus
686 3609 817 3657 reeens
834 3585 930 3656 natis
948 3584 1152 3682 periclitari
1171 3586 1287 3673 volui,
1390 3667 1391 3684 ἶ

323 3959 369 4039 (1)
387 3959 459 4017 Vid.
472 3956 552 4035 apud
564 3957 727 4028 Scheuck.‚
740 3909 805 4016 obs:
818 3957 896 4016 med.
907 3958 927 4014 l.
942 3974 973 4026 a,
990 3957 1043 4014 ubi
1054 3957 1093 4014 de
1102 3957 1264 4051 pulmonib.
