2832 4662
271 427 341 510 5a'o
433 451 479 505 nt
506 453 653 506 suemus
679 455 723 504 rr
749 455 873 505 caus1s
899 454 1111 506 uoaaoamt

250 559 251 564 ἵ
271 572 571 648 contineri.'Huc
585 593 702 669 porro
714 570 888 659 aliorum,
901 596 948 643 ne
966 571 1014 644 de
1031 573 1125 646 meis
1142 573 1282 646 iterum

269 690 478 790 quidquam
493 688 633 774 dicam,
645 687 1171 764 observationesaccensebis.
1182 670 1286 781 Quas

268 810 370 880 inter
388 809 543 878 minime
569 807 784 879 omittendae
805 824 893 880 sunt
918 801 1054 880 habita
1079 835 1101 879 a
1128 809 1284 881 medicis

271 925 483 1000 clarissimis
496 924 570 1022 (1),
584 938 626 995 ut
640 949 660 996 a
673 924 839 997 Beckero
854 925 994 998 tradita
1011 927 1281 1000 examinarent.

271 1042 599 1135 Quemadmodum
620 1024 747 1114 autem
769 1043 832 1115 ille
852 1025 1123 1142 proposuerat,
1142 1069 1222 1115 rem
1236 1049 1284 1114 sic

270 1187 312 1234 se
324 1162 462 1231 laudere
488 1157 831 1258 deprehenderunt,
850 1159 1068 1257 nullamque
1089 1166 1128 1230 in
1145 1175 1284 1231 stomu-

273 1279 343 1348 elzo
363 1275 574 1347 catulorum
590 1277 863 1346 submersorum
885 1281 1105 1346 invenerunt
1123 1301 1284 1373 aquam,

278 1408 315 1466 et
332 1393 504 1489 quamvis
519 1391 616 1464 banc
626 1391 836 1489 aliquando
847 1446 857 1481 ,
868 1393 1053 1464 subcertls
1064 1391 1288 1490 quibusdam

274 1509 567 1596 cireonstontils,
601 1534 710 1609 posse
738 1532 817 1582 nou
845 1523 985 1607 negant
1003 1493 1114 1580 'intra
1136 1508 1289 1608 pulmo·

278 1653 367 1698 num
383 1625 534 1698 canales
547 1643 585 1696 et
601 1625 785 1699 vesiculas
804 1627 949 1723 ingredi
956 1655 970 1715 ,·
988 1645 1114 1701 tamen
1126 1647 1286 1697 commu-

280 1752 378 1818 niter
392 1751 471 1814 alne
478 1759 577 1842 potu
590 1769 694 1842 aqua
711 1751 809 1816 mori
817 1745 938 1816 solere
947 1747 1174 1829 submersos,
1192 1741 1288 1814 affir-

278 1877 394 1934 mant.
413 1867 490 1932 Nec
508 1863 578 1932 viri
605 1863 917 1959 experientissimi
942 1861 1083 1932 Halleri
1099 1857 1176 1955 (a)
1205 1873 1289 1930 sunt

237 2071 242 2076 .
277 1979 357 2054 haec
374 1979 488 2052 verba
506 1980 844 2076 pretermittenda:
863 2004 939 2050 non
959 1975 1094 2050 inutile
1118 1982 1193 2046 erit
1210 2000 1289 2047 mo-

281 2095 401 2171 nuisse
410 2153 421 2186 ,
442 2105 480 2168 in
491 2105 585 2172 vivii·
596 2098 736 2170 catellis
749 2101 762 2186 (
772 2124 869 2197 quos
887 2101 965 2197 ipse
984 2096 1243 2191 demerserat)
1257 2109 1290 2165 et

275 2215 521 2314 pulmonem,
548 2232 584 2287 et
602 2217 850 2293 ventriculum
868 2217 1040 2302 ablomm‘
1054 2239 1159 2312 aqua
1170 2235 1289 2311 puros
1400 2275 1401 2282 ,

275 2335 417 2424 juisse,
438 2339 551 2404 etiam
571 2334 724 2434 quondo
738 2336 805 2406 sub
820 2359 924 2434 aqua
937 2333 1133 2405 hiaverunt
1142 2386 1154 2418 ‚
1171 2345 1209 2401 et
1226 2330 1289 2401 lin-
1400 2405 1401 2418 7

281 2474 397 2545 guam
407 2466 658 2522 emeruerant.
668 2451 779 2522 Adeo
792 2451 1074 2523 vereBeclerus.
1083 2448 1156 2520 Sed
1167 2471 1290 2545 quem·
1388 2453 1401 2482 ¹*

286 2565 493 2638 admodum
521 2566 598 2636 haee
626 2568 788 2664 protuli,
816 2582 857 2638 ut
884 2566 1113 2664 intelligeres
1140 2557 1222 2634 noir
1242 2562 1292 2632 vi·

277 2681 367 2755 deri
403 2682 624 2778 hujusmodi
650 2685 845 2756 observata
876 2685 979 2755 inter¹
1008 2683 1170 2754 rariores
1190 2703 1292 2752 casus

286 2821 396 2897 posse
417 2797 571 2890 reterri}
590 2802 641 2874 sic
655 2803 820 2874 vicissim
838 2824 917 2872 non
933 2799 1051 2872 modo
1063 2799 1184 2870 nolim
1203 2796 1293 2868 obli·

268 2916 438 2989 .viscaris
456 2943 586 2990 earum
604 2919 910 2992 observationum
925 2943 1008 3016 quae
1018 2917 1077 2990 his
1094 2915 1293 2988 adversan-

286 3047 368 3122 tur,
384 3060 516 3126 ¹verum
531 3038 619 3109 alias
633 3040 789 3135 insuper
803 3052 936 3136 praeter
944 3035 1026 3107 illas
1040 3059 1136 3132 quas
1152 3056 1294 3105 memo-

286 3152 468 3242 ravimus,
488 3167 630 3226 exstare
655 3155 767 3244 scias,
794 3168 875 3225 tum
896 3177 917 3224 a
941 3151 1110 3225 Charisio
1131 3149 1191 3249 (3)
1215 3149 1294 3221 dili-
1333 3189 1336 3194 ·
1400 3139 1401 3154 ¹

290 3282 423 3365 genter
440 3270 639 3359 indicatam
659 3286 741 3343 tum
758 3297 853 3368 quas
872 3270 1009 3343 addere
1026 3270 1070 3341 iis
1091 3268 1255 3366 poteris,
1274 3289 1293 3336 a

263 3476 266 3481 Ι
287 3385 461 3456 Genselio
478 3387 553 3485 (Δ),
571 3390 637 3487 qui
653 3403 780 3462 tamen
799 3390 937 3486 excipit
956 3386 1180 3486 pulmones,
1199 3399 1236 3456 et
1248 3381 1293 3454 ab

390 3713 459 3769 vid.
478 3709 748 3771 Commerc.'litter.
759 3757 766 3787 ,
778 3731 827 3769 an.
842 3714 934 3785 1737,
950 3709 1039 3768 hebd.
1053 3711 1101 3782 37,
1116 3726 1148 3764 n.
1165 3727 1177 3764 1
1192 3706 1231 3762 ad
1243 3723 1273 3760 a.

392 3815 437 3870 De
452 3814 563 3888 Respit.
579 3815 736 3890 experim,
752 3835 783 3890 p.
799 3833 835 3884 a,
851 3815 890 3872 ad
900 3833 931 3871 n.
946 3813 1000 3888 39,
1011 3821 1075 3877 not.
1091 3810 1112 3864 i.

388 3914 446 3970 Cit.
465 3918 480 3984 §
498 3933 547 3983 10,
566 3916 603 3972 ad
608 3913 638 3986 f
646 3916 735 3991 prim.

387 4014 462 4087 Eph.
478 4017 516 4071 N.
531 4015 564 4071 C.
584 4017 668 4073 Cent.
684 4014 717 4088 6,
735 4015 798 4072 obs.
813 4011 861 4070 85.
