2842 4672
326 409 377 508 76
490 434 537 480 nu
563 427 709 482 sumnus
733 429 779 477 sr
802 426 926 478 ciuus
960 427 1175 478 nonnosum.

330 569 420 618 rum
433 544 696 644 glandularum
705 569 786 642 quae
794 543 908 642 paulo
920 559 1006 616 ante
1017 558 1231 618 memoratae
1242 555 1350 629 sunt,

331 678 574 761 erumpentes
590 661 726 734 vidisse
741 686 780 733 se
794 715 804 750 ‚
820 660 949 733 credit.
963 667 1041 760 Ego
1053 662 1152 760 pilos
1162 661 1232 759 qui
1245 685 1346 759 poae-

331 795 391 852 ter
407 795 579 852 naturam
600 780 695 867 sint,
711 795 755 852 ut
769 780 810 850 in
825 779 906 850 aliis
917 780 1047 866 aliam,
1064 782 1115 850 ita
1131 778 1232 850 hanc
1248 801 1346 876 quo-
1397 797 1398 852 l

332 923 408 996 que
433 920 565 994 parare
595 895 667 968 sibi
681 897 795 968 ,viam
823 921 954 994 posse,
979 921 1059 974 non
1087 895 1223 967 dubito
1236 931 1255 983 ‚·
1273 918 1348 992 per
1397 897 1398 902 ’

332 1038 448 1112 quam
465 1014 564 1084 intra
578 1012 779 1112 palpebras
801 1027 943 1084 exeant.
963 1012 1144 1084 Nondum
1162 1037 1255 1084 vero
1282 1031 1349 1081 ac·

334 1130 446 1221 cidit,
465 1145 507 1202 ut
526 1131 565 1201 in
583 1131 695 1220 vivis,
710 1131 908 1204 nedumin
924 1133 1104 1219 mortuis,
1119 1143 1162 1202 ut
1174 1129 1344 1216 mallem,

335 1247 591 1341 occasio-mibi
608 1247 761 1320 daretur
770 1248 848 1318 haec
859 1247 1075 1346 diligentius
1087 1244 1341 1320 examinandi.

334 1366 572 1440 Necmirum.
583 1367 677 1438 Nam
692 1367 722 1438 si
733 1364 903 1438 membra
912 1364 1089 1464 quaelibet
1096 1364 1345 1436 humanicor·

335 1483 441 1580 poris
458 1509 502 1554 ex
527 1508 572 1555 eo
599 1483 868 1582 particularum
894 1507 1055 1554 numero
1082 1496 1279 1570 constant,
1302 1493 1343 1551 ut
1397 1479 1398 1488 ’

336 1597 560 1698 perdifficile
580 1601 627 1672 sit
645 1624 778 1672 omnes
795 1600 1027 1698 singularum
1046 1598 1204 1672 morbos
1220 1600 1262 1668 in
1286 1622 1345 1669 ca·

337 1716 540 1790 daverihus
572 1718 870 1816 recognoscendi
900 1719 1137 1820 occasionem
1159 1715 1340 1801 babere,

339 1849 484 1934 quanto
500 1835 544 1933 id
557 1833 744 1908 difficilius
757 1837 829 1908 erit
841 1837 881 1906 in
893 1835 1031 1908 oculo?
1040 1836 1116 1927 Qui
1132 1859 1217 1907 cum
1234 1834 1282 1907 sit
1297 1858 1348 1908 ex.

336 1967 413 2045 tot,
433 1968 508 2025 tam
524 1955 656 2044 variis,
671 1969 823 2056 tamque
840 1953 1017 2028 tenuibus
1033 1969 1115 2026 tum
1127 1955 1167 2024 in
1184 1977 1243 2044 se,
1261 1967 1342 2024 tum

338 2071 380 2144 in
395 2071 441 2142 iis
453 2096 535 2168 quae
551 2069 606 2140 illi
620 2073 853 2146 extrinsecus
869 2071 1014 2168 adjecta
1028 2087 1133 2159 sunt,
1148 2070 1342 2170 particulis

340 2201 578 2285 compactus,
600 2197 783 2284 'praeterea
804 2203 859 2262 est
886 2189 999 2278 aeris,
1020 2189 1174 2286 aliisque
1197 2187 1344 2286 injuriis

340 2305 552 2402 expositus,
572 2319 609 2376 et
626 2304 798 2393 assiduo,
816 2307 889 2379 nisi
909 2330 996 2378 cum
1015 2305 1243 2398 dormimus,
1260 2304 1342 2378 usui

341 2419 534 2507 addictus3
550 2434 593 2491 ut
602 2443 689 2492 cum
706 2437 908 2528 propterea
921 2424 967 2526 sit
980 2425 1153 2513 interum,
1169 2425 1346 2498 externis·

342 2562 416 2635 que
426 2537 635 2608 innumeris
652 2537 795 2621 morbis
812 2538 1021 2631 obnoxius,
1034 2541 1195 2614 ocularii
1206 2539 1343 2613 medici

343 2655 410 2753 qui
428 2655 469 2724 in
485 2655 529 2726 iis
543 2657 808 2748 tantummodo
824 2674 1087 2749 versarentur,
1100 2657 1345 2757 nec-antiquis

342 2771 580 2872 temporibus
597 2774 708 2851 multi
733 2774 941 2867 defuerint,
959 2801 1085 2876 neque
1113 2777 1187 2848 hoc
1212 2777 1343 2852 desint.

343 2890 438 2964 Satis
453 2891 566 2988 igitur
584 2891 654 2963 tibi
669 2893 715 2965 sit
732 2893 779 2975 do
799 2894 843 2966 iis
862 2918 959 2993 quos
973 2894 1101 2966 videre
1120 2894 1342 2994 ipsepotui‚

345 3007 545 3083 oculorum
556 3009 699 3082 morbis
713 3010 783 3094 has
793 3035 814 3082 a
826 3037 885 3083 mc
896 3013 1037 3085 litteras
1050 3014 1247 3112 accepisse.
1258 3015 1346 3084 Pro-

344 3127 462 3202 ximas
476 3127 523 3200 de
539 3130 687 3202 aurium
702 3125 899 3213 affectibus
912 3128 1079 3205 habebis.
1096 3129 1219 3208 Valet.

995 3401 1008 3433 0
