2750 4658
153 390 226 436 ma.
255 387 296 435 11.
325 388 371 434 na
397 385 534 432 noaars
559 383 753 448 unomen,
778 385 890 434 arrsr.
917 365 1090 438 xva-223

65 498 414 575 observationibus
433 521 646 570 occurrere.
670 497 744 568 Sed
761 523 884 596 neque
906 503 1091 599 exceptio-

64 645 165 690 nem
179 619 286 689 illam
304 641 384 690 esse
398 615 509 688 video
527 617 594 712 qui
612 630 801 712 sequatur,
821 641 891 687 nec
908 616 1001 687 mihi
1013 621 1092 690 ani·
1133 642 1136 650 ’

62 761 172 823 mus,
183 759 257 806 nec
267 759 366 832 opus
378 747 543 805 estmeas
552 730 672 804 facere
686 733 825 806 alienas
837 734 931 824 lites,
939 753 1022 808 eam
1033 763 1089 809 er·

64 855 325 952 ceptionem,
342 866 414 924 'aut
434 851 545 939 alias,
570 864 683 948 atque
707 851 796 922 alias
820 847 1089 947 examinando,

65 995 164 1044 cum
175 970 237 1042 vel
245 971 345 1068 ipse,
360 969 508 1042 etiamsi
525 992 605 1039 non
616 970 832 1040 examinatae
840 972 1090 1070 accipiantur,

69 1087 351 1186 exceptionum
383 1087 540 1158 istarum
569 1099 751 1157 numerus
781 1088 868 1160 eatis
897 1091 1091 1180 ostendat,

71 1230 201 1303 quam
223 1227 339 1302 saepe,
360 1218 397 1275 et
421 1217 538 1299 quam
558 1199 664 1274 facile
685 1202 779 1274 illud
803 1203 849 1275 de
871 1229 949 1302 quo
965 1205 1091 1304 loqui-

69 1352 178 1416 mur,
198 1327 359 1424 signum,
377 1339 451 1412 aut,
470 1325 500 1396 si
520 1325 636 1396 mavis
654 1325 734 1422 ejus
753 1325 958 1399 similitudo
974 1331 1092 1426 possit

70 1441 1090 1544 etiambonosmedicosdecipere,utinmorblapuimo·

72 1588 190 1652 num,
210 1559 496 1650 cordis,arteriae
505 1561 883 1658 magnoe,pericardii,
895 1577 931 1633 et
941 1563 1092 1663 insprss

76 1675 747 1773 modicissuffocationibusquasuon
756 1678 954 1749 semelvidi
962 1683 1091 1754 eadem

76 1813 214 1871 exacte
232 1795 345 1885 hora,
365 1819 446 1865 non
463 1792 581 1864 modo
596 1795 696 1863 intra
710 1815 790 1863 non
804 1792 919 1866 breve
932 1799 1093 1892 spatium

76 1917 218 2002 unius,
231 1928 295 1985 aut
307 1913 491 2001 duarum,
504 1924 570 1982 aut
585 1911 698 1982 trium
709 1936 729 1982 a
742 1911 866 2010 primo
878 1935 1012 1984 somno
1022 1913 1094 1985 hn-

79 2057 239 2121 rarum,
266 2054 482 2117 recurrere,
510 2029 695 2124 anaqam
723 2024 794 2101 hos
820 2022 996 2119 morbos,
1030 2031 1094 2103 sed

79 2176 221 2250 aquam
244 2151 284 2219 in
308 2147 508 2235 alterutro,
537 2161 600 2217 aut
625 2160 787 2242 utroque
812 2145 978 2220 thoracis
1002 2174 1094 2220 cavo

79 2291 183 2356 csse,
199 2279 345 2366 putent.
363 2262 621 2354 Quamobrem
633 2286 762 2361 neque
774 2261 849 2334 hoc
860 2265 1008 2364 signum
1023 2269 1096 2339 erit

82 2411 155 2484 per
175 2404 234 2472 se,
261 2397 299 2454 et
325 2384 405 2482 sine
423 2380 556 2454 crebra
574 2380 822 2470 haeeitatioue,
835 2383 965 2454 morbi
981 2385 1096 2482 hujus

81 2504 251 2574 maxime
270 2501 483 2599 proprium,
498 2523 586 2571 cum
598 2499 637 2568 in
648 2499 729 2571 aliis
739 2519 894 2598 quoque
904 2503 1095 2575 interdum

82 2635 287 2722 appareat,
313 2643 477 2716 cumque
495 2615 599 2688 haud
618 2641 725 2707 raro,
745 2633 787 2689 ut
802 2619 863 2690 vei
881 2635 1037 2710 nostru,
1058 2636 1096 2695 et

83 2738 268 2812 Valsalvae
287 2734 514 2809 confirmant
525 2734 826 2822 observationes,
843 2738 883 2807 in
901 2738 947 2810 iis
965 2737 1096 2812 defue-

83 2859 133 2930 rit
150 2859 218 2946 ,in
235 2853 374 2952 quihus
388 2868 474 2952 post
489 2865 651 2924 mortem
669 2851 773 2924 hunc
785 2851 963 2926 morotum
983 2853 1095 2931 fuisse

82 2987 331 3074 perspectum
351 2987 416 3045 est.
434 2973 522 3043 Non
541 2971 749 3042 erittamen
760 2973 1095 3063 contemnendum,

86 3094 117 3164 si
135 3090 186 3162 ad
204 3091 293 3178 alia,
316 3104 359 3162 ut
373 3087 469 3177 dixi,
486 3113 526 3162 ae
540 3085 772 3183 adjunxerit,
792 3089 932 3185 quibus
952 3090 1097 3187 potissi-

86 3233 198 3280 mum
209 3231 307 3305 aqua
318 3206 359 3276 in
369 3205 523 3278 thorace
532 3220 686 3304 aggesta
699 3205 925 3303 plerumque
939 3207 1033 3279 solet
1048 3209 1096 3281 si-

86 3322 272 3424 gnificari.

145 3465 203 3512 ιι.
238 3440 375 3511 Mulier
406 3463 594 3512 annorum
628 3440 884 3538 septuaginta,
917 3455 1100 3541 tempera-

88 3557 212 3630 menti
225 3557 432 3656 sanguinei,
450 3557 612 3656 pinguis,
627 3555 718 3627 dum
730 3556 808 3628 filio
825 3558 1026 3656 pleuritico
1037 3585 1098 3634 as-

87 3674 202 3747 eidue
214 3675 432 3765 inserviret,
443 3673 644 3773 pleuritide
660 3688 697 3745 et
707 3675 788 3771 ipsa
802 3692 994 3774 correpta,
1004 3678 1101 3749 mut·

93 3807 159 3864 tos
176 3792 358 3889 pontdies
371 3791 419 3864 ab
442 3790 514 3864 hac
527 3789 646 3863 libera
663 3792 779 3865 evasit
796 3793 874 3864 sine
893 3793 970 3865 ulia
989 3809 1101 3868 mete·

95 3910 163 3982 riae
175 3895 493 4010 expectoratione.
520 3908 592 3982 Sed
609 3907 802 4008 pleuritidi
822 3911 1101 3984 continuatae·
