2820 4662
139 479 205 530 ma.
233 480 272 527 11.
301 481 349 528 ne
373 478 509 526 morters
535 477 989 542 arronems,er1sr.xv1n.
1019 463 1090 558 4²7

94 595 337 694 Malpighium
352 595 408 692 (r)
424 594 535 693 legeS,
549 595 624 668 sive
639 594 769 692 pulsus
780 593 1028 666 vibrationern
1047 615 1096 670 atu

93 712 240 800 tendas,
252 715 329 784 sire
349 713 496 810 copiam
513 737 618 810 aquae
636 713 675 785 in
686 713 914 810 pericartlio,
927 713 1002 785 sive
1016 713 1095 786 tha-

77 821 177 902 lami
202 831 329 911 cordis
354 833 559 930 praecipui,
590 857 806 930 magnaeque
831 833 973 904 arteriae
1003 833 1096 906 dila-2

92 954 288 1040 tationem,
306 967 344 1024 et
360 952 449 1023 huic
472 955 574 1024 intus
595 951 753 1022 arinates·
768 975 892 1024 osseas
911 975 1094 1050 squamas·

91 1071 176 1159 Quae
193 1070 266 1156 tria
284 1073 472 1168 postrema
488 1070 528 1140 in
552 1069 701 1142 duabus
720 1095 876 1167 quoque
895 1071 1097 1168 insequen*

90 1186 186 1259 tibus
203 1187 532 1274 observationibus
548 1187 807 1268 animadversa
823 1213 844 1257 a
860 1185 972 1260 nohis
987 1212 1098 1285 repe-

90 1306 168 1376 ries.
183 1309 288 1396 Quas
304 1322 505 1404 antequam
520 1304 773 1405 proferamus,
793 1320 829 1376 et
840 1306 948 1404 ipsae,
962 1321 998 1376 et
1013 1305 1098 1380 due

87 1425 228 1520 pariter
255 1449 337 1521 qnae
361 1425 531 1523 proxime
558 1425 703 1522 scriptae
727 1437 834 1506 sunt,
856 1424 1095 1496 occasionem

86 1541 254 1638 praebent
266 1541 673 1640 interjiciendialiquid
694 1541 741 1612 de
754 1541 935 1638 opinione
955 1540 1020 1612 cel.
1041 1543 1095 1634 vif·

86 1660 116 1728 ri
135 1683 253 1760 super
275 1675 574 1757 areurysmatuna
606 1683 737 1745 eausa,
766 1673 802 1730 et
828 1681 1020 1728 osaearurn
1054 1661 1094 1728 in

86 1775 142 1850 his
160 1778 411 1850 bractearum.
429 1782 534 1848 Hanc
555 1801 634 1848 esse
653 1799 764 1874 posce
778 1776 962 1846 existimat
977 1774 1017 1844 in
1035 1799 1096 1848 oe·-

86 1896 181 1968 sium
202 1898 321 1984 carie,
340 1895 405 1967 sed
424 1895 535 1992 longe
550 1894 620 1965 alia
638 1895 784 1978 rationo
802 1917 844 1964 ao
867 1892 981 1990 paulo
1009 1907 1095 1966 ante

87 2005 397 2111 explicatum'est
424 2015 437 2110 l
463 2019 490 2107 ).
511 2012 657 2082 Scilicet
686 2034 772 2082 oum
804 2009 933 2108 plures
953 2011 1096 2082 arteria

86 2132 158 2202 sint
172 2131 342 2217 ossibus,
361 2145 540 2227 tanquam
554 2127 705 2214 fulcris,
724 2129 930 2226 contiguam
951 2129 981 2200 si
998 2126 1094 2201 lorte

85 2249 207 2318 caries
218 2273 260 2319 os
272 2263 443 2334 excavet,
458 2245 510 2334 ihi
522 2245 720 2318 deficiente
735 2244 844 2317 fulcri
860 2237 1070 2330 resistentia
1085 2301 1095 2336 ‚
1191 2287 1195 2296 ·

81 2387 249 2462 pronam
260 2366 433 2436 arteriam
442 2361 582 2450 lieriael
596 2364 869 2452 dilatationem,
879 2364 925 2434 ael
936 2366 1097 2463 conglu-

81 2482 308 2553 tinationem
328 2507 413 2569 curn
434 2507 517 2554 osse
532 2483 697 2571 carioso,
716 2497 753 2555 et
771 2482 821 2554 ob
838 2482 1093 2563 destillantem

84 2596 226 2670 abhoc
240 2621 393 2686 succum
409 2624 575 2690 osseum,
593 2603 705 2673 etiam
723 2600 770 2673 ad
787 2623 980 2674 cascanum
992 2600 1096 2674 brae·
1143 2670 1146 2677 .

84 2715 271 2803 teclae-um
296 2718 599 2814 productionem.
621 2719 809 2791 Credibile
834 2731 920 2807 est,
948 2720 979 2790 si
1004 2717 1098 2791 huie·

86 2819 261 2933 scriptori
277 2835 315 2905 id
329 2833 426 2920 lorte
439 2837 631 2922 accidisset
646 2837 748 2935 quod
766 2839 887 2936 praeel.
906 2839 1094 2935 Targiono

87 2951 160 3047 (3),
178 2967 221 3024 ut
237 2977 419 3050 magnam
433 2951 578 3024 laneam
597 2955 636 3024 in
657 2954 824 3027 thoracis
838 2953 1024 3028 vertebris
1040 2953 1096 3026 err·

89 3071 423 3160 cavatamrideret,
436 3072 545 3169 eique
563 3073 775 3172 appositam
784 3095 919 3145 uenam
937 3073 1017 3144 sine
1029 3096 1094 3172 pa·

88 3187 119 3257 ri
134 3188 342 3274 admodum
360 3190 586 3277 varicoaam3
604 3179 803 3278 credibile,
822 3191 1000 3287 inquam,
1022 3205 1093 3282 est,

90 3301 233 3388 lorcamw
248 3308 375 3405 potius
384 3331 460 3406 pro
474 3309 614 3382 varicis
624 3331 736 3380 cause
747 3305 859 3385 luisse
874 3307 1093 3382 habiturum
1114 3396 1117 3400 .

91 3440 238 3512 contra,
256 3440 370 3522 atque
389 3425 523 3500 hebuit
540 3428 775 3526 Targionius‚
789 3427 849 3506 eui
867 3425 1014 3500 facilius
1033 3453 1092 3502 as-

90 3540 279 3638 tipulerls,
300 3545 331 3616 si
355 3547 456 3616 varix
475 3560 567 3626 tunc
594 3561 777 3644 caeperat,
806 3571 892 3618 eum
912 3545 1093 3621 uertebrae

128 3845 172 3922 (1)
193 3849 286 3923 Epist.
301 3850 338 3908 de
354 3840 465 3908 Siruct.
479 3851 619 3908 Glandul.

85 4009 87 4021 ,
124 3945 171 4023 (2)
193 3950 230 4003 N·
253 3966 300 4021 ²⁷·
394 3970 396 3975 ·

130 4042 172 4124 (3)
192 4047 291 4106 Prima
306 4051 448 4109 Raccolte
465 4051 496 4108 di
510 4054 629 4112 Osserv.
642 4051 723 4109 Med.
740 4069 808 4128 pag.
823 4070 876 4108 απ.
