2766 4670
303 409 370 482 172
470 407 518 455 DE
544 405 690 454 sueinus
715 405 760 456 ET
784 403 909 454 causis
935 403 1148 454 ΜΟΒΒΟΒῙῙΜ

302 518 531 610 Marchettis3
540 518 641 618 apud
648 523 833 590 Bonetum
841 531 980 608 autem,
989 519 1060 592 sub
1068 541 1230 590 numero
1238 520 1314 604 CV,

304 661 350 707 ex
374 640 501 722 Petro,
528 636 718 707 Dominici
740 649 914 733 parente,
943 651 1160 734 acceptam
1186 657 1313 730 neque

304 757 425 825 XXVI
447 752 681 851 Stephanum
701 751 973 842 Blancardum,
991 741 1207 852 professum
1225 751 1312 822 alio-

306 873 401 969 quin
422 869 578 968 (1)quae
603 873 683 969 ipse
703 895 782 942 non
800 870 1055 961 observasset,
1078 851 1127 943 cic
1150 869 1313 940 aliorum

306 990 430 1060 relatu
441 993 684 1092 immiscuisse,
697 1013 789 1077 non,
801 990 971 1087 inquam,
982 990 1183 1088 sumpsisse
1194 988 1312 1058 aliun-

305 1106 353 1178 de
366 1131 480 1203 quam
494 1131 538 1177 ex
550 1105 877 1179 observationibus
891 1121 948 1178 tot
961 1107 1073 1179 annis
1089 1121 1177 1177 ante
1189 1105 1237 1175 ab
1250 1105 1310 1174 Ri-

306 1225 413 1297 verio
427 1222 553 1312 editis,
566 1239 678 1322 atque
696 1224 791 1296 adeo
807 1224 978 1297 eamdem
998 1249 1081 1297 esse
1110 1247 1225 1322 quam
1244 1227 1312 1291 Bo·

309 1355 422 1412 netus
440 1355 526 1411 ante
547 1341 799 1413 Blancardum
822 1343 1052 1441 produxerat
1066 1339 1137 1414 sub
1154 1363 1312 1412 numero

311 1461 486 1546 cxxul,
502 1459 574 1530 nisi
589 1459 694 1556 quod
704 1461 1067 1532 BonetusRiverium
1083 1459 1242 1557 quidem
1258 1480 1316 1526 no

311 1576 487 1664 minavit,
499 1601 570 1648 nec
581 1577 662 1673 ejus
674 1577 789 1649 verba
802 1578 1060 1676 interpolavit,
1076 1577 1141 1649 sed
1154 1576 1265 1674 plura
1276 1575 1311 1642 in

311 1692 437 1765 morbi
461 1694 634 1784 historia,
661 1695 844 1766 nonnulla
873 1709 1034 1792 uterque
1062 1695 1102 1764 in
1128 1693 1313 1765 cadaveris

312 1814 478 1884 sectione
494 1813 629 1885 omisit.

362 1930 393 2001 3.
412 1930 524 2020 Quod
544 1931 575 2002 si
594 1953 726 2000 omnes
754 1931 930 2002 sectionis
946 1928 1065 2025 hujus
1082 1927 1312 2000 observatio-

312 2072 379 2120 nes
394 2047 603 2119 accuratius
621 2043 833 2118 fuissentin
850 2062 952 2119 certa
965 2048 1089 2146 capita
1099 2044 1311 2128 distributae

312 2192 401 2238 eum
426 2166 555 2238 utilius
577 2166 698 2236 caeteri
718 2189 779 2238 eas
802 2166 1068 2264 perlegissent,
1086 2179 1170 2236 tum
1197 2164 1315 2232 minus

312 2282 419 2355 facile
446 2282 712 2354 collectoribus
733 2281 946 2371 accidisset,
964 2297 1007 2354 ut
1025 2281 1211 2352 memoria
1225 2279 1315 2350 labe·

314 2415 455 2474 rentur.
481 2398 575 2469 Mihi
594 2399 707 2496 igitur
731 2424 819 2471 cum
835 2399 931 2471 illud
953 2414 1129 2472 constans
1147 2397 1312 2497 proposi·

215 2497 221 2510 ’
314 2533 396 2590 tum
412 2518 477 2604 sit,
493 2514 590 2586 nihil
609 2531 652 2588 ut
669 2533 860 2616 repetam3
876 2532 979 2589 certo
1002 2515 1136 2588 ordine
1156 2539 1257 2614 opus
1269 2525 1314 2583 est

316 2658 393 2732 quo
405 2633 582 2705 Valsalvae
597 2649 633 2704 et
650 2659 750 2706 meas
772 2635 1071 2723 observationes,
1083 2632 1158 2705 huc
1172 2659 1253 2730 prae
1263 2655 1316 2701 ce

315 2751 404 2824 teris
418 2751 639 2840 attinentes,
658 2752 878 2826 describam.
897 2756 991 2825 Nam
1012 2752 1081 2822 etsi
1093 2751 1226 2849 plures
1240 2773 1315 2848 prae·

316 2884 418 2942 terea
437 2866 643 2962 habebam,
662 2871 702 2940 in
725 2869 887 2966 quibus,
910 2870 1010 2941 inter
1029 2883 1161 2939 caetera
1178 2868 1314 2939 incom-

316 2987 449 3076 moda,
471 2986 554 3058 laesa
577 3012 732 3085 quoque
754 2988 952 3086 respiratio
979 2999 1313 3066 commemoratum

318 3085 443 3176 tamen
457 3131 539 3204 quae
549 3106 666 3203 magis
681 3106 767 3201 visne
778 3119 866 3177 sunt
878 3104 924 3176 ad
941 3103 1225 3177 sectionesalias
1238 3123 1313 3201 per·

317 3224 459 3313 tinere,
475 3245 537 3326 eas
559 3247 692 3294 omnes
717 3221 764 3294 ad
782 3222 864 3294 illas
890 3221 1038 3311 distuli;
1062 3219 1139 3293 huc
1161 3221 1314 3317 reliquas

229 3379 232 3386 ¹
320 3342 481 3439 seposui.
500 3345 574 3412 Has
596 3354 749 3432 autem,
763 3365 811 3410 ne
829 3339 876 3412 ab
895 3342 940 3413 iis
957 3341 1069 3438 longe
1091 3337 1224 3410 abeam
1244 3357 1316 3434 que

321 3482 434 3554 supra
451 3456 614 3528 indicata
632 3473 735 3546 sunt,
752 3484 831 3530 non
855 3456 1097 3530 incommode
1118 3458 1172 3530 sic
1191 3455 1316 3527 divisu·

320 3601 405 3646 rum
425 3601 485 3648 me
506 3575 639 3667 cred0,
657 3591 700 3648 ut
718 3577 884 3675 primum
898 3601 959 3649 eas
973 3573 1166 3674 proferam
1187 3574 1226 3643 in
1242 3569 1316 3668 qui·

327 3784 1315 3812 ...ww

361 3933 404 4011 (1)
425 3937 463 3991 In
471 3934 587 3992 Praefm.
600 3935 640 3992 ad
650 3937 738 3992 Anat.
750 3939 848 3996 Pract.
857 3889 1019 3994 ilatioual.¹
