2766 4670
130 449 206 496 nra.
221 448 275 496 ·11.
298 447 358 496 nn
375 445 511 496 nonnas
536 445 733 512 monacas,¹
758 447 868 496 nrrsr.
896 447 954 495 xv.
987 425 1053 521 189

42 559 482 658 quam-rarissimefieri,
500 561 541 630 in
556 560 823 657 aegrotantibus
836 563 1053 661 suspiceris:
1102 643 1103 646 Ἴ

46 678 211 749 alteram
225 675 379 765 deinde,
399 701 446 749 ne
463 678 754 748 inmortuorum
769 677 1055 752 dissectionibus
1136 761 1143 772 ¹

42 792 156 868 facile
177 795 430 894 pronuncies,
450 794 594 866 nullam
618 794 743 866 morbi
761 792 870 866 fuisse
886 817 1050 882 causam,

45 911 303 1008 quaecaderet
324 911 393 984 sub
417 935 561 999 sensus,
581 911 706 1008 itaque
724 912 764 981 in
788 910 1052 984 convulsiones

41 1029 236 1118 internas,
254 1043 319 1099 aut
335 1027 425 1100 alias
439 1026 624 1124 ejusmodi
642 1025 860 1101 affectiones
879 1028 1051 1123 rejicien-

43 1144 134 1216 dam
160 1169 239 1217 esse
268 1170 349 1242 quae
379 1143 629 1218 invisibilibus
661 1145 893 1243 corpusculis
920 1145 1051 1218 deberi

43 1262 204 1360 possint.
224 1259 342 1352 Quod.
350 1258 489 1332 factum
502 1261 637 1358 procul
648 1261 765 1333 dubio
775 1259 904 1334 fuisset
918 1263 958 1334 in
975 1262 1050 1335 hoc

50 1379 251 1467 casu,nisi
264 1375 361 1450 [orte
377 1379 418 1448 in
435 1393 603 1450 mentem
613 1379 793 1467 venisset,
812 1393 856 1451 ut
871 1378 952 1451 aliis
966 1403 1050 1477 per·
1122 1381 1124 1386 ’

48 1495 217 1576 lustratis,
237 1494 425 1593 partibus,
453 1495 532 1567 haec
555 1521 709 1595 quoque
728 1495 911 1594 partictua
929 1498 1053 1569 novis-

50 1613 144 1684 sime
164 1613 488 1710 introspicerem,
509 1613 641 1710 larynx
658 1640 666 1682 ,ε
686 1636 798 1711 quam
822 1611 890 1684 ubi
906 1612 953 1684 de
971 1637 1051 1686 res·

53 1731 248 1828 pirationis
263 1731 381 1820 vitiis,
401 1745 439 1802 et
458 1728 504 1802 de
524 1731 722 1828 repentina
740 1731 944 1827 praesertim
953 1756 1050 1803 mor·

52 1863 92 1918 te
101 1850 238 1946 quasia
253 1845 497 1920 suffocatione
515 1861 662 1944 agetur,
675 1870 762 1918 cave
779 1846 1050 1944 inexploratam

55 1967 211 2038 omittas.
229 1960 302 2037 sed
315 1966 392 2062 jam
418 1963 465 2035 ad
491 1962 646 2038 alteram
668 1961 968 2036 observationem
988 1988 1050 2038 ve-

55 2083 210 2156 niamus.
240 2141 245 2149 .
339 2085 343 2094 '

108 2200 160 2273 15.
196 2199 334 2276 Mulier
359 2201 598 2298 octogenaria
627 2200 767 2296 major,
795 2199 842 2272 de
869 2198 1051 2298 spirandi,

32 2316 311 2416 'glutiendique
342 2315 574 2405 difficultate,
605 2342 691 2390 cum
723 2316 887 2390 saucium
916 2318 1051 2392 ardore

59 2436 277 2532 conjuncta,
296 2435 435 2508 multos
450 2434 528 2532 jam
546 2435 625 2507 dies
641 2434 889 2533 querebatur,
911 2426 997 2506 cum
1011 2436 1051 2506 in

58 2553 316 2626 nosocomium
332 2553 549 2625 Patavinum
561 2569 714 2651 excepta
734 2553 1052 2652 est..‹Ibitamgra-

58 2673 94 2741 vi
106 2671 319 2769 paroxismo
337 2669 497 2742 difficilis
513 2671 768 2768 respirationis
778 2673 997 2772 corripitur,
1010 2687 1052 2744 ut

58 2811 102 2858 eo
130 2786 417 2886 propemodum.
437 2787 679 2860 exanimetur.
710 2793 884 2862 Servatur
908 2804 1052 2879 tamen,

60 2920 313 3002 consequente
336 2917 447 3003 sputo
467 2905 715 3002 graveolentis
734 2907 859 3004 puris,
888 2908 950 2978 cui
967 2917 1053 2980 san-
1079 2943 1081 2946 ·

59 3024 137 3118 guis
158 3020 340 3094 admistus
360 3036 450 3093 erat.
471 3026 569 3098 Cum
597 3021 732 3093 mulier
754 3021 946 3119 laryngem
971 3037 1053 3092 tan-

58 3163 171 3236 quam
189 3138 315 3211 morbi
327 3138 452 3212 sedem
471 3163 550 3210 non
570 3137 685 3210 modo
697 3137 897 3225 indicaret,
917 3138 983 3210 sed
1002 3138 1054 3209 di·
1144 3139 1146 3146 ’

58 3256 140 3352 gitis
174 3255 446 3354 prehendendo
474 3271 689 3328 antrorsum
720 3252 905 3343 traheret,
934 3269 970 3326 et
1001 3255 1054 3328 sic

59 3374 171 3469 paulo
190 3371 333 3444 facilius
348 3375 519 3472 spiritum
532 3373 704 3461 duceret;
718 3372 953 3470 introspectae
968 3387 1056 3445 sunt

60 3485 201 3578 fauces,
219 3505 256 3563 et
274 3491 387 3562 uvula
403 3490 578 3588 quidem,
605 3505 717 3586 atque
742 3490 986 3562 ascendentes
1009 3487 1057 3564 ad

60 3605 178 3702 ipsam
204 3607 409 3680 musculosi
435 3630 542 3678 arcus
568 3621 824 3703 apparuerunt
849 3622 1056 3681 retrorsum

62 3726 158 3812 acti;
178 3739 220 3798 ut
235 3723 276 3795 id
294 3723 499 3824 pbaryngis
523 3720 709 3804 orificium
734 3723 839 3821 quod
858 3724 905 3798 ad
923 3750 966 3797 os
989 3739 1057 3812 est,

62 3836 255 3913 dilatatum
273 3841 484 3932 videretur,
499 3866 619 3940 eaque
634 3840 717 3914 loca
731 3843 848 3940 paulo
865 3843 982 3938 magis
993 3865 1059 3910 ru-

64 3951 319 4058 berentquam
327 3958 566 4051 soleant3sed
574 3958 670 4032 nihil
680 3974 858 4059 praeterea
868 3957 1060 4056 conspice·
