2842 4672
273 406 344 453 ΜΒ.
372 406 397 452 1.
426 404 636 486 DEQORBIS
661 404 819 470 carme,
845 403 958 452 arter-
986 405 1067 453 1111.
1115 384 1178 484 39

151 545 227 594 nec
244 521 388 592 Petitus
406 520 556 617 negavit
579 534 702 607 certe,
717 544 802 607 nec,
827 521 857 592 si
879 535 1069 616 negasset,
1090 522 1177 617 jure

151 641 297 736 negare
323 629 525 736 potuisset,
551 638 639 734 quia
658 623 717 710 vel
741 638 781 708 in
808 623 928 710 oculis
952 637 1050 710 sanis
1073 637 1177 713 haud

152 781 310 854 semper
329 755 376 827 de
388 780 434 828 eo
450 754 612 827 humore
625 753 863 828 tantumdem
875 755 1082 853 reperitur,
1096 758 1174 832 imo

152 901 236 947 non
262 900 350 949 raro
376 899 519 974 paucus
540 889 595 948 est
621 875 736 964 adse,
763 890 805 946 ut
831 874 957 946 deesse
982 873 1172 946 videatur:

153 992 428 1091 quamobrem,
447 992 557 1065 sicuti
580 994 619 1063 in
633 991 861 1089 quibusdam
879 1014 1080 1090 perperam
1095 1017 1175 1064 cre·

153 1110 287 1200 dereS,
305 1125 441 1208 praeter
452 1123 624 1214 naturam
636 1135 715 1184 esse
726 1110 1177 1199 imminutum,itaecon⁴

153 1230 275 1300 trario
293 1231 333 1302 in
349 1229 428 1303 aliis
447 1224 691 1299 imminutum
709 1249 789 1300 nou
808 1251 906 1316 esse,
929 1227 1026 1298 male
1042 1247 1174 1326 posses
1267 1303 1276 1324 Ι

153 1345 380 1418 existimare.
401 1343 526 1434 Quid?
542 1342 647 1441 quod
666 1345 805 1416 Petitus
823 1345 903 1442 ipse
920 1369 1009 1414 mox
1026 1345 1173 1418 addidit

154 1461 192 1532 id
211 1462 319 1560 quod
337 1463 450 1534 etiam
468 1459 557 1532 alibi
573 1460 628 1559 (ι)
648 1459 925 1550 fassusfuerat,
945 1487 1025 1534 non
1040 1461 1170 1535 deesse

152 1593 282 1655 tamen
301 1595 524 1671 cataractas,
542 1583 581 1656 in
605 1581 745 1679 quibus
761 1581 999 1680 crystallinus
1013 1581 1171 1671 humor,

154 1698 203 1772 ob
218 1700 378 1775 totalem
394 1703 504 1799 aquei
518 1701 618 1774 illius
638 1702 756 1786 laticis
769 1699 977 1788 defectum,
990 1698 1085 1771 adeo
1103 1701 1170 1772 sic-

154 1816 354 1895 eusfactus
366 1821 483 1908 sit,ut
495 1820 535 1890 in
545 1818 742 1917 pulverem
756 1820 1044 1915 conteriqueat‚
1061 1819 1170 1892 sicuti
1266 1897 1268 1902 ,
1347 1828 1348 1837 ’

154 1935 191 2006 in
202 1937 382 2035 pluribus
399 1936 643 2010 cadaveribus
660 1935 931 2036 deprehendit:
946 1949 1005 2024 ut,
1021 1937 1050 2006 si
1067 1935 1169 2008 idem

122 2148 125 2154 ¹
153 2053 360 2152 aliquando
387 2053 471 2128 fieri
497 2055 538 2128 in
560 2053 792 2128 Adversariis
811 2053 1062 2151 scripsissem,
1085 2079 1167 2146 non

154 2195 211 2244 me
223 2173 409 2270 potuisset
420 2170 596 2247 refutare.
608 2171 724 2250 Vides
734 2172 866 2269 igitur,
882 2195 962 2268 quo
977 2171 1078 2243 illius
1089 2185 1171 2242 tan·

154 2286 240 2360 dem
258 2289 389 2361 redeat
399 2269 589 2387 opinionis
603 2297 693 2363 m'eae
705 2285 897 2360 refutatio:
911 2303 953 2358 ut
962 2307 1168 2386 propemo-

154 2403 245 2476 dum
263 2405 415 2478 credam
426 2461 435 2493 ,
445 2406 485 2476 id
498 2409 614 2506 magis
627 2407 747 2480 videri
759 2404 1035 2504 ipsumfecisse,
1049 2429 1167 2502 quam

152 2517 274 2594 facere
285 2523 457 2606 voluisse.
469 2529 612 2597 Verum
625 2540 765 2614 tamen,
782 2550 867 2596 cum
881 2525 921 2594 in
936 2521 1168 2621 pervulgatis
1185 2593 1188 2600 ,

151 2665 230 2710 non
250 2641 363 2714 unius
379 2641 452 2714 viri
472 2641 574 2715 docti
591 2644 739 2742 scriptis
751 2641 790 2712 id
803 2638 931 2714 fecisse
943 2639 1111 2727 dicatur,
1128 2645 1166 2710 et

151 2743 245 2830 illud
259 2781 435 2857 negasse,
452 2762 557 2860 quod
576 2761 622 2836 ab
639 2764 722 2861 ipso
740 2761 844 2836 vides
857 2761 992 2860 negari
1001 2767 1082 2832 no'n
1095 2783 1166 2857 po·

152 2876 285 2965 tuisse,
302 2879 616 2976 respondendum
642 2880 705 2952 hic
726 2895 927 2980 propterea
945 2869 1097 2967 censui,
1115 2885 1165 2976 ne

153 2990 249 3066 forte
268 2994 459 3084 credereS,
485 2999 745 3073 auctoritatem
762 3023 784 3068 a
803 3023 863 3070 me
881 2995 1021 3095 negligi
1039 2993 1166 3066 homi-

154 3113 231 3202 nis,
250 3111 344 3183 dum
357 3114 517 3204 viveret,
531 3115 630 3188 bene
642 3115 736 3190 adeo
753 3115 850 3190 dere
864 3111 1075 3186 anatomica
1091 3134 1171 3184 me·-

153 3231 237 3318 riti,
256 3231 368 3304 utvel
380 3237 520 3311 mortui
534 3236 756 3310 memoriam
769 3233 895 3305 colere
904 3229 1068 3302 libenter
1080 3252 1167 3327 per·

154 3367 250 3446 gam.
271 3348 344 3420 Sed
362 3350 409 3422 ad
425 3377 508 3428 mea
521 3321 742 3444 ldversaria
754 3366 796 3424 ut
812 3349 982 3436 redeam,
994 3345 1088 3420 illud
1102 3343 1168 3418 de

154 3468 271 3564 nique
288 3467 336 3539 ad
352 3459 617 3542 suffusionem
617 3473 781 3545 attinens
802 3489 881 3542 non
895 3463 1146 3564 omiseram(2
1127 3461 1166 3560 a)

156 3599 197 3656 ut
211 3610 259 3656 ex
276 3609 320 3656 ea
337 3585 441 3674 luce,
459 3599 589 3684 quam,
611 3590 743 3687 presso
759 3589 891 3679 oculo,
907 3585 1096 3672 videmus,
1109 3584 1170 3654 in-

194 3871 240 3950 (1)
262 3873 357 3928 stem.
372 3871 422 3929 eit.
440 3892 489 3930 an.
508 3875 593 3946 1730.

193 3972 238 4050 (α)
261 3971 391 4030 Advers.
405 3973 439 4047 6,
454 3974 594 4034 Animad.
608 3973 644 4048 73
656 3985 686 4033 et
698 3972 747 4066 75¹.
