2832 4662
315 383 385 458 526
480 407 526 452 nr
553 397 698 452 surmus
724 393 768 450 rr
793 395 917 452 siuns
942 401 1154 456 norinorum

313 545 417 609 rum,
446 523 475 593 si
493 518 532 590 id
548 519 650 618 quod
669 520 814 616 posuit,
835 544 965 593 revera
994 537 1112 612 esset,
1139 525 1322 624 pleraque
1406 601 1407 608 ,

313 653 413 712 certe
431 654 467 710 et
484 665 554 737 ego
570 637 771 735 probarem
787 664 796 722 3
813 640 949 710 nisiex
965 641 1008 712 iis
1026 665 1109 738 quae
1126 645 1250 740 paulo
1259 667 1323 717 aa·
1406 663 1407 668 ’

312 774 349 832 te
366 758 464 829 dicta
489 771 595 844 suut,
619 752 738 826 multo
766 758 998 854 promptius,
1028 760 1210 858 idemq-ue
1234 765 1320 835 vali-

311 878 395 949 dius
413 875 460 946 ad
487 897 567 946 eam
590 874 832 956 relevandam
854 877 1109 976 cartilaginem
1138 882 1322 954 auxilium

309 1009 470 1095 pateret,
493 1017 629 1089 nempe
650 993 817 1090 linguam
837 995 1011 1090 protinus
1033 995 1163 1094 digitis
1186 1023 1322 1098 appre-

309 1114 465 1186 hensam
494 1127 705 1182 antrorsum
728 1111 961 1208 protrahere.
987 1117 1133 1184 Verum
1147 1113 1223 1187 etsi
1246 1120 1320 1216 epi-

310 1230 436 1328 glottis
450 1229 625 1326 depressa
640 1248 718 1298 non
732 1240 787 1300 est
801 1255 811 1317 3
827 1251 905 1300 esse
923 1244 1052 1300 tamen·
1065 1245 1216 1328 potest,
1237 1235 1319 1305 irri-

307 1350 354 1419 tis
374 1346 553 1445 praesidiis
572 1347 731 1434 caeteris,
753 1365 835 1444 quae
855 1347 965 1444 plura
989 1347 1140 1420 laudato
1162 1351 1220 1448 (1)
1241 1371 1319 1423 rno-

308 1467 389 1535 nito
408 1479 774 1553 commemorantur,
792 1466 1318 1568 propositaeaDethardingio

288 1669 289 1672 Ἴ
307 1581 610 1654 bronchotomiae
620 1583 739 1670 locus,
754 1583 814 1654 vel
831 1583 881 1654 ob
899 1607 980 1654 earn
995 1609 1077 1681 quae
1092 1583 1320 1657 eodemmo-

190 1789 194 1798 4
308 1701 390 1772 nito
406 1699 569 1771 indicata
591 1709 665 1790 est,
685 1724 854 1790 causam,
881 1701 993 1772 calidi
1006 1703 1103 1774 aeris
1122 1727 1195 1800 per
1213 1702 1316 1775 fistu-

307 1819 380 1890 lam
404 1818 567 1915 aliquam
591 1820 747 1916 propius
775 1821 814 1888 in
843 1818 1043 1916 pulmones
1060 1822 1314 1912 immittendi,

306 1951 370 2007 aut
385 1937 415 2006 si
433 1961 519 2006 cum
536 1937 801 2007 recentissimis
821 1938 958 2023 sentire
974 1938 1110 2026 maris,
1135 1953 1178 2008 ut
1198 1959 1312 2036 aqua,

305 2053 714 2152 inpulmonesillapsa,
728 2054 884 2125 alteram
896 2076 1051 2152 quoque
1068 2053 1207 2127 lrabeat
1217 2059 1313 2128 viam

304 2175 373 2270 per
392 2173 633 2270 quamcitius
664 2171 899 2270 egrediatur:
919 2181 1138 2270 quanquam
1158 2189 1196 2244 et
1216 2173 1288 2245 lloe
1299 2231 1307 2264 ‚

304 2305 341 2362 et
361 2293 501 2362 caeteris
517 2345 526 2379 ‚
544 2312 627 2361 non
642 2291 786 2361 usitatis
806 2289 939 2376 modo,
965 2291 1032 2361 sed·
1059 2293 1309 2388 exquisitiori-

302 2407 375 2481 bus
399 2413 515 2482 etiam
532 2433 615 2506 quae
638 2435 659 2480 a
686 2411 820 2506 quovis
840 2408 965 2480 adhue
985 2411 1185 2507 proposita
1205 2425 1306 2498 sunt,

303 2528 447 2598 auxiliis
469 2553 507 2598 se
531 2525 667 2598 frustra
697 2551 785 2598 usos
812 2527 905 2598 adeo
934 2525 1099 2597 latentur
1125 2527 1174 2598 ad
1203 2551 1307 2600 canes

301 2643 448 2742 plures,
466 2643 539 2714 sub
557 2669 655 2741 aqua
671 2661 760 2716 octo
775 2644 877 2737 haud
898 2645 1056 2742 amplius
1071 2650 1228 2717 nainutc's
1242 2645 1302 2717 de-

301 2782 460 2848 mersos,
478 2761 517 2831 in
530 2763 643 2832 vitam
660 2761 913 2852 revocandos,
927 2777 970 2832 ut
987 2773 1097 2860 spem
1108 2761 1305 2834 nobislere
1404 2859 1405 2864 ἵ

209 2939 211 2943 .
301 2904 452 2950 omnem
465 2877 630 2951 adimant
642 2878 845 2951 submersis
857 2879 1076 2953 homiuibus
1088 2899 1305 2952 succurren-

300 2998 348 3069 di.
361 3000 398 3068 Si
412 2998 733 3096 quemadmodum
751 3003 903 3096 partite,
921 3021 1099 3085 nervose,
1116 2997 1244 3087 docte,
1257 3003 1305 3069 iu·

299 3117 449 3216 geniose
476 3131 739 3220 argumentum
762 3131 970 3187 tractarunt
995 3139 1127 3203 suum,
1152 3117 1206 3187 ita·
1225 3141 1303 3216 spa-

296 3236 390 3304 tium
403 3233 638 3320 habuissent,
655 3232 758 3330 quod
771 3249 870 3328 certe
883 3259 963 3305 non
971 3233 1087 3304 breve
1102 3256 1184 3305 esse
1197 3254 1303 3332 opor·

297 3349 421 3439 tubat,
454 3347 719 3449 perpendendi
748 3352 895 3450 singula
910 3381 912 3388 ·
926 3373 1059 3422 eorum
1092 3349 1302 3424 submerso·

296 3494 401 3556 rum,
419 3469 537 3565 quiin
554 3470 667 3538 vitam
684 3523 695 3557 ‚
715 3483 758 3540 ut
783 3468 1013 3566 loquuntur,
1033 3469 1203 3539 revocati
1224 3467 1300 3540 fue·

296 3601 407 3675 runt,
439 3586 627 3683 exempla3
657 3586 765 3683 plura
796 3584 951 3659 fortasse
981 3607 1096 3682 quam
1125 3585 1300 3658 videntur

327 3961 378 4039 n)
398 3965 437 4019 u.
455 3962 501 4030 n.
