2842 4672
284 453 331 529 36
456 477 502 524 nr
529 474 674 524 smnus
699 475 742 526 rr
768 451 892 525 causis
918 477 1127 528 normann

280 590 399 689 telligi
415 605 549 688 potest.
575 587 647 660 Sed
664 604 701 660 et
720 603 829 661 antea
844 588 899 687 (ι)
920 591 1091 688 quaedam
1102 590 1252 667 fuerant
1270 623 1294 668 a

281 733 342 780 me
359 708 533 795 indicata,
547 733 592 778 ex
606 705 745 802 quibus
757 721 903 805 pateret
919 710 1094 806 quando,
1113 726 1150 783 et
1159 727 1291 807 quate-

278 843 391 900 tenus
409 826 469 898 vel
492 839 578 923 post
595 824 771 914 Chalesii,
798 827 995 914 Pitcarnii‚
1025 827 1085 900 vel
1108 828 1289 934 aliorum,

279 949 310 1020 si
330 946 465 1032 mavis,
496 943 856 1044 demonstrationes,
883 941 1024 1016 habere
1050 944 1177 1016 locum
1199 971 1290 1044 pos-

279 1065 353 1136 sint
367 1086 410 1132 ea
420 1084 502 1156 quae
521 1060 620 1130 inter
638 1056 852 1130 suffusionis
869 1059 974 1130 initia
993 1061 1165 1134 solebant
1179 1063 1289 1136 dicti-

277 1180 368 1267 tari,
385 1194 427 1248 ut
444 1179 482 1248 in
496 1175 745 1274 Sepulchreto
762 1179 873 1248 etiam
891 1176 945 1274 (a)
959 1177 1064 1250 vides
1080 1206 1087 1248 :
1104 1179 1289 1278 quamdiu

277 1299 520 1369 obversantur
537 1291 669 1366 culices
685 1308 722 1364 et
732 1301 870 1382 atomi,
891 1294 934 1364 id
947 1301 1192 1393 contingerea
1202 1321 1287 1368 cor-

274 1414 445 1516 pusculis
474 1415 515 1506 in
542 1413 703 1484 humore
735 1437 858 1509 aqueo
886 1408 1137 1486 natantibus:
1165 1439 1288 1512 quan-

275 1559 389 1632 quam
415 1531 504 1603 alias
524 1531 564 1600 in
586 1531 788 1628 postremis
809 1528 982 1602 humoris
1004 1532 1115 1602 vitrei
1138 1531 1286 1606 cellulis

274 1675 355 1725 esse
377 1674 486 1748 posse
506 1674 549 1720 ea
571 1635 815 1746 corpuscula,
840 1649 929 1720 alias
945 1650 985 1720 in
1003 1650 1129 1748 optico
1146 1673 1284 1738 nerv0,

274 1783 312 1840 et
322 1769 443 1839 retina
459 1767 588 1838 tunica
603 1791 665 1838 eas
682 1767 852 1838 laesiones
880 1791 960 1864 quae
982 1791 1052 1864 pro
1079 1765 1284 1856 culicibus,

273 1887 470 1987 punctisve
488 1887 705 1982 imponant,
722 1899 759 1957 et
778 1909 852 1981 qua
864 1885 1009 1955 ratione
1023 1883 1179 1992 harum,
1197 1883 1284 1956 illo-

272 2009 405 2076 rumve
420 2005 467 2076 sit
481 2004 584 2074 varia
594 2003 701 2074 sedes
712 2000 1017 2090 internoscenda,
1028 2026 1107 2071 non
1123 2001 1257 2072 reticui
1272 2029 1280 2071 ε

271 2146 365 2220 quas
381 2121 480 2191 inter
497 2119 666 2191 laesiones
687 2119 718 2190 si
740 2118 830 2190 vitia
847 2119 1019 2214 posueris
1036 2118 1282 2190 vasculorum

202 2277 205 2284 =
272 2263 356 2337 quae
367 2237 496 2307 retinas
508 2237 707 2306 intertexta
719 2248 819 2322 sunt,
833 2232 896 2305 hic
908 2233 986 2306 illic
1001 2234 1086 2334 plus
1096 2261 1205 2334 aequo
1218 2251 1282 2309 tu-

269 2355 481 2440 mentium;
500 2366 601 2423 recte
619 2348 768 2440 feceris,
785 2349 994 2423 dummodo
1012 2369 1147 2451 proeter
1164 2354 1282 2444 hanc,

270 2472 354 2544 illas
378 2494 533 2567 quoque
558 2467 647 2540 alias
671 2468 864 2541 interdum
888 2495 968 2544 esse
996 2496 1105 2571 posse
1132 2495 1281 2564 causas,

269 2613 464 2688 agnoscas.
491 2585 618 2659 Verba
641 2586 751 2657 etiam
773 2587 838 2658 illa
865 2613 948 2686 quae
967 2591 1060 2662 meis
1078 2591 1190 2687 aquei
1208 2589 1281 2662 sub

270 2705 485 2804 crystallina
501 2705 630 2775 tunica
645 2702 816 2778 humoris
829 2705 1157 2784 observationibus
1171 2709 1279 2805 quasi

270 2825 415 2912 obiter,
446 2847 527 2928 nec,
545 2822 676 2920 plura,
705 2824 878 2920 intenjeci
899 2823 973 2921 (3),
997 2823 1111 2896 velim
1136 2838 1278 2898 attente

268 2943 381 3014 etiam
398 2955 510 3037 atque
523 2939 634 3010 etiam
647 2939 859 3038 perpendas
878 2967 886 3008 :
906 2940 1065 3027 credidi,
1083 2941 1194 3037 hujus
1206 2942 1278 3014 hu-

268 3067 383 3132 moris
392 3063 593 3134 secretione
600 3059 808 3157 prohibita,
830 3043 1229 3150 crystallinumsz'ccum
1239 3071 1289 3131 et

267 3203 429 3277 opacum
437 3177 647 3274 florifero,
671 3191 713 3246 nt
739 3182 776 3246 in'
796 3190 983 3264 extracto,
1010 3181 1276 3274 exsiccatoque

266 3295 482 3387 crystallino
499 3281 687 3389 contingit.
704 3292 896 3365 Videorne
913 3293 983 3365 tibi
1001 3293 1041 3364 id
1059 3293 1165 3391 quod
1188 3297 1235 3368 sit
1250 3321 1273 3368 a

264 3438 355 3484 vero
373 3411 553 3499 alienum,
572 3410 787 3507 scripsisse?
803 3426 840 3482 et
852 3410 958 3507 quod
966 3413 1086 3510 possis
1102 3412 1271 3503 credere,

265 3531 374 3602 sicuti
390 3528 545 3626 quidam
562 3524 733 3597 referunt
754 3526 800 3600 de
823 3543 1006 3602 cataracta
1025 3544 1196 3626 agentes,
1222 3531 1269 3604 de

285 3799 344 3908 v(1)
366 3830 489 3886 Advers.
500 3829 588 3882 Anat.
603 3825 621 3880 6
629 3866 638 3896 ,
651 3826 790 3882 Animad.
805 3825 852 3898 75.

299 3929 342 4006 (a)
365 3933 442 3988 Sect.
455 3927 505 3983 cit.
521 3925 622 3982 Schol.
638 3926 676 3982 ad
688 3927 753 3983 obs.
767 3943 815 3982 aa.

299 4028 342 4106 (3)
363 4028 487 4087 Advers.
499 4026 592 4085 indic.
605 4026 743 4084 Animad.
758 4046 806 4100 71.
