2766 4670
291 384 359 458 186
458 409 504 454 nr
531 405 677 456 sumnus
701 407 746 452 rr
771 404 894 454 causis
919 405 1129 456 uonaonuu

287 537 324 595 et
341 522 542 608 columnis,
559 535 596 592 et
615 520 827 595 carunculis
845 519 917 596 illis
942 545 1036 618 quas
1051 548 1156 600 nunc
1177 523 1300 622 aliqui

281 643 494 738 prsr'formes
509 653 666 726 vocant,
684 660 910 724 memorasse
927 663 987 714 me
1009 641 1111 730 sci0;
1131 657 1175 714 ut
1192 659 1299 713 natu·

285 757 402 832 ralem
420 773 563 843 autem,
580 758 655 830 sive
679 756 847 854 chirurgi
870 781 984 854 opera
1003 783 1082 832 nou
1101 775 1299 858 egentem,

286 899 347 949 me
360 892 402 947 ut
416 875 530 947 iidem
549 875 735 962 scribunt,
754 876 1014 974 proposuisse,
1028 877 1078 948 ita
1092 879 1223 956 nescio
1233 933 1245 966 ,
1256 894 1296 950 ut

287 1007 324 1064 et
340 1007 441 1066 certa
460 992 629 1090 quaedam
651 992 742 1082 alia,
761 992 809 1064 de
828 991 968 1091 quibus
986 993 1122 1091 agendi
1137 1019 1221 1068 wnon
1239 1011 1296 1067 est

286 1108 349 1181 hic
366 1111 481 1184 locus.

340 1228 392 1302 13.
420 1230 537 1326 Virgo
553 1227 724 1326 igiturde
742 1226 947 1326 quamodo
965 1226 1158 1316 dicebam,
1173 1254 1295 1306 anuos

285 1360 372 1416 nata
389 1346 436 1416 ad
456 1347 719 1445 quadraginta,
735 1348 811 1442 jam
830 1345 898 1420 diu
917 1345 1155 1434 asthmartca,
1170 1349 1293 1424 immi·

285 1477 378 1542 nuta
388 1465 543 1564 insuper
554 1464 867 1551 voce‚amediois
878 1463 1012 1561 procul
1023 1462 1142 1538 dubio
1155 1491 1202 1540 ex
1212 1466 1293 1564 pul·

286 1581 464 1654 monibus
482 1583 654 1656 laborare
671 1581 915 1669 credebatur,
942 1605 1029 1655 cum
1047 1582 1172 1657 acrius
1192 1583 1292 1656 asth-

237 1699 238 1704 ’
285 1713 383 1770 mate
395 1702 613 1798 ingruente,
634 1701 682 1773 de
696 1701 901 1798 improviso
923 1713 1071 1772 mortua
1093 1713 1168 1786 est,
1190 1717 1228 1774 et
1245 1700 1289 1772 ab'

284 1817 460 1892 studiosis
480 1819 783 1892 adolescentibus
799 1821 839 1890 in
853 1804 1090 1892 Bononiense
1107 1821 1289 1894 anatomi-

286 1956 372 2006 cum
395 1937 585 2010 theatrum
604 1939 705 2010 illata
730 1963 831 2010 anno
859 1941 962 2034 1704.
984 1936 1134 2011 Ventris
1150 1938 1289 2010 viscera

284 2052 380 2124 nihil
392 2056 498 2152 quod
515 2073 650 2155 praeter
669 2072 842 2128 naturam
866 2069 980 2143 esset,
1008 2052 1243 2143 habuerunt,
1261 2056 1288 2128 si

172 2247 174 2251 ,
284 2173 400 2268 paulo
412 2176 575 2270 majores
589 2190 702 2248 testes
713 2170 1289 2272 excipias,duros,albos,pror·

285 2313 347 2361 sus
362 2291 593 2381 skirrhosos,
612 2291 752 2389 quibus
765 2290 962 2387 hydatides
975 2290 1122 2387 aliquot
1141 2290 1285 2366 incum-

283 2405 436 2478 bebant.
455 2413 506 2478 .In
525 2409 681 2486 thorace
706 2424 833 2488 autem
853 2409 1019 2506 ipsisque
1044 2407 1287 2505 pulmonibus

283 2523 554 2596 nihilomnino
571 2529 649 2598 vitii
659 2555 671 2616 ,3
690 2541 733 2598 ut
744 2528 822 2624 jam
844 2551 977 2600 ornnes
1000 2526 1097 2602 iona
1119 2525 1285 2602 lanuuium

281 2641 408 2712 morbi
431 2667 579 2716 causam
599 2660 791 2742 repertum
813 2646 861 2716 iri
876 2658 1064 2742 putarent.
1089 2641 1220 2720 §edet
1238 2641 1285 2712 ibi

281 2775 382 2832 recte
402 2765 605 2836 constitut-a
620 2765 772 2836 inventa
791 2779 878 2838 sunt
897 2763 1034 2838 omnia,
1052 2759 1285 2836 Mirabantur

280 2881 409 2951 cuncti
430 2882 496 2978 qui
517 2881 673 2954 dissecta
694 2909 739 2954 ex
763 2882 896 2954 ordine
920 2882 1062 2954 viscera
1088 2877 1284 2976 diligenter

281 2997 538 3095 inspexerant3
563 3000 628 3073 sed
647 3000 770 3074 multo
793 3023 864 3072 nos
881 2999 999 3096 magis
1016 2997 1084 3093 qui
1097 2995 1285 3072 dissern-

281 3140 425 3206 ramus,
443 3143 533 3189 cum
547 3143 641 3217 ego,
655 3103 750 3216 quin
773 3118 966 3214 laryngem
987 3139 1143 3212 quoque
1161 3115 1282 3214 aperi·

280 3257 383 3322 mus,
404 3234 600 3306 Valsalua?
624 3237 659 3306 si
688 3233 785 3306 forte
809 3247 846 3304 et
870 3234 1078 3306 imminute
1101 3232 1227 3318 vocis,
1250 3243 1282 3300 et

279 3349 491 3442 asthmatis,
508 3369 544 3426 et
559 3353 692 3424 mortis
706 3375 818 3424 nausa
827 3349 882 3422 ibi
890 3351 1125 3424 delitesceret
1139 3374 1147 3416 ε
1161 3371 1280 3444 neque

278 3469 381 3542 enim
394 3494 444 3540 eo
465 3485 636 3569 tempore
650 3470 701 3541 ad
715 3467 991 3542 horizontolem
1003 3466 1222 3566 glottidem,
1237 3461 1280 3534 ad

279 3585 444 3686 laryngis
461 3589 708 3677 vent1ioulos,
726 3585 1051 3685 adarytaenoideas
1069 3583 1279 3682 glandulas,

278 3703 511 3780 adartieulos
520 3703 1056 3806 mytaenoidumquaenecdum
1065 3716 1277 3784 retexerem,

278 3838 341 3893 aut
364 3826 617 3912 restituerem,
647 3823 880 3896 ostendenda
906 3822 1036 3918 larynx
1063 3820 1104 3888 in
1131 3816 1276 3916 publica

278 3954 450 4012 anatome
468 3941 716 4038 aperiebatur.
736 3947 831 4022 Cum
849 3935 1140 4028 illeannuisset3
1166 3930 1275 4034 quaeri
