2750 4658
283 467 353 543 292
450 467 496 514 DE
522 465 667 515 sumnus
692 467 737 512 ET
760 457 886 514 'ususts
911 462 1120 518 MORBORUM

281 583 341 655 vel
368 580 398 654 si
422 577 479 650 hae
501 579 676 667 deerant,
697 578 768 650 alia
786 601 867 649 nou
879 579 1059 671 deerant,
1076 583 1180 655 unde
1202 611 1279 685 sep*

280 713 361 771 turn
381 712 635 770 transversum
652 695 699 766 ab
710 693 888 769 inferiore
901 698 1032 770 saltem
1050 697 1143 773 facie
1157 702 1281 776 lacessi

280 831 416 916 posset.
436 813 547 906 Quod
566 815 597 886 si
614 812 779 910 denique
800 828 1010 910 spectemus
1035 816 1119 890 illos
1144 819 1185 889 in
1205 824 1281 918 qui·

280 935 353 1008 bus
381 957 481 1005 unus
506 930 662 1002 morbus
682 927 771 1018 fuit,
796 929 965 1030 hydrops
987 935 1209 1032 pericardii;
1232 939 1281 1008 vir

281 1075 371 1125 sane
391 1073 505 1148 quem
521 1045 755 1144 Valsalra(1)
767 1049 903 1138 secuit,
922 1050 1118 1141 tussiebat3
1140 1053 1207 1125 sed
1218 1079 1281 1126 nec

280 1167 542 1253 Vieusseuius,
564 1189 635 1238 uec
655 1161 906 1238 Hoffmannus
923 1169 1056 1240 tussim
1074 1185 1281 1242 memorant

279 1288 320 1360 in
340 1286 436 1372 suis,
453 1306 578 1380 neque
594 1283 634 1352 in
652 1281 839 1354 monacha
854 1284 1117 1360 animadvertit
1132 1287 1282 1360 Alherti·

278 1427 364 1476 nus.
383 1403 459 1494 Qui
481 1426 569 1473 cum
588 1402 628 1471 in
647 1403 936 1475 Commentariis
953 1403 1112 1477 laudatis
1131 1405 1188 1503 (2)
1206 1407 1282 1478 uni·

280 1499 387 1594 verse
404 1517 572 1617 scripsit,
589 1523 720 1590 tussim
734 1518 839 1592 hunc
853 1517 1028 1593 affectum
1045 1523 1112 1595 vel
1121 1521 1280 1610 nullom,

280 1635 760 1733 velmodicamadjunctam
768 1636 1011 1722 habere,·nou
1024 1639 1210 1735 majorem
1221 1663 1283 1714 cer-

281 1771 318 1829 te
329 1755 467 1844 voluit,
485 1779 599 1852 quam
613 1754 653 1823 in
670 1752 844 1851 hydrope
862 1751 1038 1827 thoracis.
1059 1761 1115 1826 Ex
1131 1758 1283 1830 adverso

182 1853 186 1858 ¹
280 1887 406 1946 autem
420 1871 523 1971 quod
533 1871 705 1971 plerique
714 1873 832 1961 aiunt,
840 1872 1023 1945 leviorem
1035 1873 1075 1945 in
1089 1876 1283 1972 pericardii

279 2015 395 2090 quam
410 1993 450 2061 in
466 1987 632 2062 thoracis
643 1988 834 2089 hydrope,
848 2015 927 2064 esse
943 1989 1206 2067 difficultatem
1215 2020 1281 2069 res·
1363 2015 1364 2073 ζ

279 2108 450 2208 pirandi,
470 2132 550 2179 non
566 2129 653 2178 raro
669 2107 820 2196 saltem,
839 2107 955 2206 idque
980 2109 1206 2203 oculorum,
1224 2137 1282 2184 au·

279 2229 425 2299 riumve
438 2224 600 2322 judici0,
622 2249 754 2298 verum
772 2250 871 2315 esse,
891 2225 1071 2299 libentius
1084 2252 1280 2326 agnovero.

278 2347 330 2416 Ea
343 2345 445 2415 enim
462 2338 663 2412 difficultas
680 2356 914 2438 quantaesse
930 2344 1159 2441 plerumque
1176 2347 1282 2418 soleat

278 2462 320 2532 in
351 2459 522 2557 hydrope
548 2457 732 2546 thoracis,
762 2458 939 2556 praeclare
973 2460 1139 2533 ostendit
1160 2463 1282 2558 junior

278 2581 475 2674 Verneyus
492 2574 561 2672 (3),
581 2601 667 2646 cum
691 2578 790 2648 inter
806 2577 886 2672 ejus
909 2577 1015 2675 signa
1032 2577 1136 2650 illam
1166 2582 1282 2678 primo

224 2715 226 2718 ·
277 2693 364 2765 loco
386 2691 513 2791 ponit,
532 2717 691 2790 eamque
708 2693 927 2783 maximam,
943 2711 1008 2766 aut
1026 2719 1113 2766 cum
1129 2722 1179 2768 ex
1195 2698 1281 2770 asci-
1362 2787 1363 2790 Ἴ

279 2811 344 2882 tici
358 2825 491 2883 ventre
506 2811 615 2908 aquis
630 2810 793 2900 eductis,
811 2811 914 2883 illam
927 2813 992 2884 aut
1010 2812 1125 2903 nihil,
1142 2832 1211 2887 aut
1223 2839 1281 2914 pa·

277 2953 364 3000 rum
375 2929 532 3001 levatam
539 2928 690 3016 videns,
706 2929 873 3026 aquasin
887 2927 1042 3000 thorace
1053 2954 1211 3029 quoque
1221 2947 1281 3004 sta·
1362 2933 1363 3024 l

150 3051 154 3060 '
274 3071 393 3146 gnare
411 3045 541 3136 docet,
555 3044 671 3144 idque
686 3061 749 3117 aut
761 3069 944 3143 aquarum
962 3071 982 3118 e
1001 3046 1158 3120 thorace
1173 3050 1279 3122 educ·

275 3165 401 3252 tione,
417 3179 484 3237 aut
506 3162 695 3236 cadaveris
716 3161 938 3236 dissectione
958 3163 1174 3239 luculenter
1187 3191 1278 3252 ,cou-

275 3277 421 3368 firmat,
439 3304 519 3351 non
544 3305 649 3352 secus
669 3304 711 3353 ac
735 3280 825 3351 olim
844 3279 1006 3353 lacobus
1023 3281 1206 3356 Oaethaeus
1227 3281 1277 3380 (d)

275 3396 528 3492 suspicionem
544 3395 780 3468 confirmarit
794 3421 900 3470 suam
916 3397 1089 3472 humoris
1104 3400 1143 3472 in
1159 3389 1277 3473 thora·
