2812 4660
289 429 360 532 378
451 457 498 503 rr
524 453 670 502 sumnus
694 453 739 501 rr
764 451 888 502 causis
913 451 1124 502 uouuonuu

290 569 443 657 strictis,
462 584 500 641 et
518 567 636 666 magis
659 568 699 638 in
719 581 919 665 angustum
943 566 1116 642 redactis.
1145 568 1207 642 Ob
1230 569 1293 644 has

289 691 404 788 igitur
423 709 552 758 causas
573 685 681 757 obice
704 690 828 784 posito
846 701 887 758 ut
909 687 1123 785 progressui
1148 691 1294 786 sangui-

288 808 348 878 nis
366 831 435 904 per
451 804 624 876 arteriam
642 827 835 900 magnam,
856 807 907 874 sic
927 806 1093 901 egressui
1115 829 1136 876 e
1156 807 1293 894 corde3

288 924 423 1020 majori
435 922 508 992 hoc
523 935 658 991 conatu
671 921 863 1017 impellere
874 920 980 992 illum
992 921 1122 994 debuit
1133 947 1205 1021 per
1216 949 1293 995 eam

287 1040 482 1125 arteriam,
498 1052 534 1108 et
549 1035 626 1106 lucc
642 1037 773 1132 majori
789 1061 943 1134 quoque
962 1039 1093 1127 reniti,
1112 1054 1150 1111 ct
1169 1065 1207 1112 se
1224 1065 1293 1113 res-

288 1160 443 1243 tituere,
462 1153 583 1224 donec
598 1152 648 1224 ob
668 1153 745 1223 haec
761 1155 857 1252 ipsa,
874 1154 904 1250 ej
912 1177 953 1224 us
967 1155 1016 1225 ita
1034 1171 1225 1229 structura
1241 1159 1293 1228 vi-

289 1275 375 1346 tiata
391 1287 462 1358 est,
481 1286 522 1342 ut
536 1271 739 1368 pracsertim
752 1295 879 1369 -prope
897 1293 1059 1342 coccam
1078 1297 1195 1369 quam
1214 1275 1291 1346 des·

290 1391 503 1488 cripsimus,
524 1385 769 1474 duritiem,in
786 1387 943 1460 valvulis
962 1393 1291 1489 autemstrigosam

289 1512 445 1606 insuper
455 1505 729 1579 restrictionem
741 1506 989 1579 contraheret.
1004 1511 1108 1578 Tunc
1125 1533 1218 1578 vero
1232 1535 1294 1580 ne·

181 1649 183 1656 ’
289 1651 365 1726 que
380 1641 464 1725 apte
482 1624 708 1696 cederehaec
729 1627 862 1697 arteria
887 1625 931 1696 ad
956 1626 1179 1724 sanguinem
1198 1630 1292 1698 exci—
1397 1703 1398 1706 ,

286 1743 488 1844 piendum,
508 1767 631 1839 neque
656 1767 693 1814 sc
715 1743 974 1840 constringere
994 1742 1038 1814 ad
1061 1767 1294 1840 promoven·
1397 1789 1398 1798 κ

289 1861 378 1933 dum
395 1860 470 1956 jam
495 1861 626 1957 poluit.
647 1859 829 1931 llestitare
847 1859 958 1958 igitur
974 1861 1012 1929 in
1034 1860 1149 1931 corde
1171 1862 1291 1959 aliqua

289 1979 477 2078 sanguinis
488 1977 613 2075 portio
625 1975 772 2064 debuit,
784 1993 820 2048 et
832 1996 877 2049 eo
890 1978 1008 2073 major
1019 1978 1122 2076 quod
1139 1979 1294 2049 valvulae

288 2121 412 2194 neque
430 2095 480 2166 ob
498 2095 721 2193 rigiditatem
738 2107 913 2190 poteraut
930 2091 1015 2162 satis
1029 2113 1065 2163 sc
1083 2092 1131 2162 ad
1151 2093 1292 2164 arteriae

287 2215 448 2313 parietes
465 2213 664 2293 reclinare,
683 2225 723 2280 ut
742 2233 931 2307 egressum
954 2207 1113 2309 liberum
1140 2208 1292 2304 permit·

287 2345 426 2418 terent,
446 2355 570 2426 neque
591 2329 641 2399 ob
664 2327 832 2398 eamdem
858 2325 1099 2424 rigiditatem,
1127 2322 1292 2420 huicque

288 2447 452 2519 additam
472 2449 665 2544 strigosam
687 2446 983 2516 contractionem
1003 2443 1089 2514 satis
1113 2465 1153 2513 se
1175 2440 1292 2538 expli-

196 2617 198 2622 ,
289 2589 393 2652 care,
413 2579 455 2634 ut
477 2588 565 2633 mox
585 2563 745 2634 reditum
770 2560 1076 2632 intercluderent.
1100 2563 1238 2656 ltaque
1254 2571 1294 2628 ut

287 2686 327 2754 in
346 2684 441 2771 aliis,
461 2697 550 2780 puta
567 2681 769 2754 Verdriesii
784 2681 858 2776 (ι),
876 2695 912 2750 et
927 2677 1110 2776 Zwingeri
1131 2675 1210 2774 (a),
1226 2673 1293 2746 ob·
1396 2743 1397 2772 ἒ

288 2799 579 2888 servationibus,
595 2823 760 2897 quorum
772 2797 834 2868 illc
848 2812 990 2870 aortam
1009 2819 1127 2894 prope
1148 2818 1220 2866 cor
1238 2795 1293 2864 in·
1396 2783 1397 2794 ἢ

286 2931 347 2988 tus
366 2939 529 3001 osseam,
553 2916 614 2987 hic
626 2932 738 2988 aortae
757 2913 920 2984 valvulas
940 2911 1069 2997 duras,
1088 2925 1125 2983 et
1141 2908 1294 2981 cartila-

283 3043 435 3133 gt'nosas
452 3035 609 3120 invenit,
636 3033 745 3105 sicin
765 3045 891 3102 nostra
910 3053 1063 3128 quoque
1080 3027 1185 3099 haud
1207 3027 1292 3099 obs·

287 3179 377 3226 cure
390 3152 509 3240 videa,
527 3176 610 3248 quae
627 3175 743 3223 causae
755 3146 964 3221 resistendo
976 3146 1100 3231 cordi,
1121 3161 1159 3217 et
1176 3146 1218 3217 in
1234 3168 1288 3230 eo,

287 3286 429 3368 quanto
449 3270 533 3367 plus
548 3267 759 3366 sanguinis,
779 3279 884 3337 tanto
902 3264 1018 3362 magis
1036 3263 1238 3348 irritatnri,
1255 3273 1289 3330 et

287 3390 453 3460 renixuri
469 3388 548 3486 ejus¹
566 3387 733 3458 adauctis
746 3382 966 3467 conatibus,
986 3378 1205 3468 retinendo,
1223 3401 1287 3475 po·

285 3506 428 3578 tuerint
454 3505 592 3579 sensim
615 3499 733 3602 magis
759 3501 949 3598 magisque
977 3521 1045 3570 cor
1064 3493 1284 3579 distrahere,

287 3638 324 3696 et
334 3622 501 3708 dilatare,
516 3646 639 3719 eoque
649 3619 711 3692 hic
721 3617 877 3707 facilius,
889 3615 994 3715 quod
1005 3629 1044 3688 et
1053 3613 1132 3685 vitii
1144 3625 1282 3682 utrum·

326 3922 369 3999 (ι)
391 3919 468 3999 Eph.
482 3925 520 3979 Ν.
534 3923 566 3978 C.
581 3922 666 3976 Ceut.
679 3919 717 3990 6,
730 3918 795 3974 obs.
810 3915 858 3974 51.

325 4023 370 4100 (a)
389 4023 532 4080 Eorumd.
545 4025 611 4079 Act.
626 4031 696 4077 tom.
715 4038 740 4091 1,
759 4017 823 4075 obs.
839 4014 885 4072 18.
