2766 4670
251 401 316 476 182
411 425 457 471 nc
484 404 629 470 sannas
654 420 847 471 cretosis
873 421 1084 474 nonnonuu

182 549 184 554 '
247 540 287 610 ni
300 537 357 636 (1)
372 539 411 608 in
424 538 549 608 nervis
562 534 764 607 costalibus
776 537 968 608 mittamus
984 541 1266 636 experimenta,

246 671 285 730 et
308 656 366 727 vel
385 654 462 727 sola
485 654 666 740 recentia,
685 677 768 751 quae
791 651 853 724 hic
871 654 911 723 in
926 655 1177 754 Sepulchreto
1202 655 1265 752 (α)
1372 717 1373 728 ,

248 774 382 861 habes,
407 772 603 844 atow‘ero
626 774 667 841 in
684 770 878 843 Phrenicis
903 773 1072 844 instituta
1092 773 1267 845 attenda·
1372 781 1373 788 ³

248 915 351 981 must
369 891 518 989 primis,
539 890 712 986 inquam,
734 888 773 960 id
793 903 847 961 est
869 888 929 961 his
946 888 1141 962 Phrenicis
1161 891 1264 963 inci-

250 1011 318 1099 sis,
337 1008 467 1080 eudem
482 1008 668 1081 continuo
682 1006 880 1105 respiratio
891 1005 955 1096 fit,
966 1033 1082 1105 quam
1099 1010 1140 1078 in
1155 1007 1264 1080 asth-

251 1127 397 1198 matteis
412 1125 518 1222 equis
534 1125 803 1224 conspicimus3
821 1137 863 1196 ut
872 1123 961 1195 inde
973 1127 1123 1223 egregie
1132 1129 1265 1196 lowe-

252 1269 318 1316 rus
328 1239 525 1314 deduxerit
538 1240 643 1313 huno
656 1255 843 1340 equorum
862 1240 1061 1332 morbum,
1080 1242 1265 1340 quodni-

253 1362 325 1431 mit
339 1358 807 1458 depressodiaphragmate
819 1360 924 1431 nervi
934 1359 989 1430 illi
1000 1358 1188 1446 distracti,
1205 1383 1263 1430 re-

256 1476 508 1566 laxationem,
518 1478 593 1548 sive
606 1489 715 1548 extra
720 1483 924 1575 proprium
937 1491 1065 1548 tonum
1076 1483 1264 1548 extensio·

256 1618 341 1666 nem
365 1598 438 1698 sint
456 1597 563 1693 passi.
584 1597 640 1667 De
660 1596 786 1668 nervis
803 1607 927 1666 autem
946 1595 1121 1694 quicum
1145 1596 1265 1666 inser-

257 1713 445 1786 vientibus
468 1712 705 1812 respirationi
725 1712 980 1810 colligantur,
1009 1712 1102 1810 quid
1133 1714 1265 1784 attinet

259 1829 425 1902 scribere
440 1831 454 1901 l
470 1831 624 1929 quando
639 1853 737 1929 pene
754 1831 924 1928 quotidie
938 1843 981 1902 ut
995 1831 1131 1901 irritati
1148 1831 1263 1929 respi-

259 1949 396 2021 rationi
408 1947 593 2036 officiant,
609 1949 651 2018 in
668 1947 1012 2046 hypochondriacis
1022 2002 1034 2036 ,
1058 1950 1264 2046 p1aesertim

261 2089 351 2138 vero
366 2069 406 2137 in
425 2066 621 2164 hystoricis
636 2063 815 2137 videmus.
835 2065 935 2155 Quin
951 2066 1065 2136 etiam
1079 2088 1195 2163 supra
1212 2063 1263 2162 (3)

262 2183 322 2254 vel
338 2183 439 2282 apud
458 2174 670 2255 Ballonium
689 2181 1208 2280 ostendimus,‘orthopneam
1223 2181 1266 2253 ab

262 2304 363 2374 renis
382 2301 526 2372 calculo
543 2301 590 2371 ad
610 2299 785 2373 eumdem
800 2299 958 2371 modum
977 2297 1090 2372 fuisse
1107 2301 1265 2398 explica·

261 2433 351 2488 tam.
363 2416 494 2489 Postea
501 2441 591 2489 vero
603 2438 718 2516 quam
727 2419 903 2491 Willisius
915 2429 1136 2516 perattentos
1151 2433 1208 2491 est
1221 2416 1268 2489 su-

262 2536 340 2606 ·sius
365 2535 632 2606 convulsorum
661 2549 866 2607 nervorum
888 2523 1045 2606 effect-us
1075 2536 1114 2605 in
1134 2535 1270 2608 dis-sitis

261 2649 479 2749 ‘quibusque
498 2652 687 2750 partibus,
718 2651 951 2726 medicorum
974 2653 1171 2751 plerique,
1194 2679 1269 2724 non

266 2767 488 2840 modo-tum
501 2772 694 2868 oportuit.
711 2770 923 2852 bonoillius
936 2769 1270 2867 sequidoctrinam

269 2901 485 2985 coeperunt,
510 2887 574 2960 sed
592 2884 694 2960 haud
710 2902 799 2958 raro
820 2888 934 2958 etiarn
958 2886 1072 2983 'hujus
1097 2884 1270 2960 facilitate

268 3019 307 3076 et
324 3005 590 3078 commoditate
608 2997 745 3094 illecti,
768 3003 959 3101 interdum
976 3023 1132 3102 quoque
1151 3002 1271 3076 fallaci

266 3145 397 3194 rerum
412 3123 537 3222 speeie
554 3122 723 3222 decepti,
740 3122 848 3194 abusi
864 3135 952 3194 sunt
969 3141 1087 3220 usque
1103 3122 1219 3211 aden,
1233 3137 1273 3192 ut

271 3263 357 3310 cum
387 3259 616 3340 organorum
636 3242 724 3312 vitia
748 3254 832 3310 'non
859 3239 1051 3326 deessent,
1079 3239 1176 3310 nihil
1203 3240 1271 3309 nisi

269 3357 536 3430 convulsiones
561 3361 600 3429 in
627 3359 753 3429 multis
776 3355 938 3446 morbis,
958 3357 1163 3456 praesertim
1182 3381 1270 3428 vero

264 3471 317 3544 ad
327 3475 611 3572 respirationem
618 3471 884 3563 attinentibus,
902 3475 1176 3562 accusaverint,
1194 3493 1266 3543 non

308 3776 355 3854 (ι)
376 3779 421 3834 De
434 3777 602 3833 Anatomic.
614 3741 787 3833 Administr.
802 3778 822 3834 l.
837 3776 873 3849 8,
891 3796 917 3835 c·
931 3782 958 3844 l·
1021 3831 1024 3838 .

310 3875 354 3952 (a)
374 3877 512 3952 Append.
525 3877 564 3934 ad
577 3877 641 3935 obs.
659 3894 726 3948 110,
860 3877 863 3882 '

312 3974 355 4052 (³)
375 3977 413 4048 N,
431 3982 459 4042 t·
518 3991 521 3998 '
