2832 4662
298 433 369 508 612
465 454 512 503 nn
538 451 684 502 sturnus
709 453 754 500 nr
779 451 902 501 muers
928 453 1135 504 uonsonnu

296 573 457 644 timeres.
487 573 534 640 In'
555 570 667 640 tertio
684 565 758 664 (1)
779 582 857 639 erat
881 551 1057 665 quidem,
1076 567 1276 640 ut‘etiamiir

296 704 433 787 quarto
453 685 529 784 (a),
546 688 693 757 nonita
710 685 810 757 levis.
833 685 905 758 Sed
927 688 967 758 in
991 687 1057 758 illo
1079 703 1195 759 tamen
1210 709 1276 783 gra-

295 808 447 880 vissima
468 806 613 878 eratin
633 803 838 901 pulmone,
862 807 1034 901 quamvis
1054 803 1233 876 nonnullis
1244 799 1275 870 in

297 924 391 996 locis
410 938 579 1009 tantum,
603 937 640 992 et
658 945 726 1017 per
747 921 874 992 tenuia
900 919 1092 1001 filameuu
1116 922 1161 994 ad
1189 921 1276 1018 pleu-

295 1065 377 1114 ram
397 1041 549 1137 alligato
565 1039 576 1108 ε’
589 1039 630 1107 in
647 1036 721 1108 hoe
736 1044 853 1126 vero,
873 1038 920 1109 de
934 1030 1016 1136 quo'
1034 1037 1193 1137 agimus,
1212 1036 1279 1108 nul·

294 1159 332 1230 la
349 1172 581 1230 memoratur
598 1154 737 1252 pleurae
764 1156 1081 1253 pulmonumque.
1095 1157 1277 1240 connexim

295 1278 363 1374 qui
379 1254 505 1346 tamen
524 1272 627 1343 haud
637 1295 798 1368 prorsus
811 1272 1117 1349 inflammationis
1132 1289 1278 1372 expertes

273 1473 275 1478 ,
295 1407 413 1466 erant.
427 1390 541 1482 Quod
555 1391 585 1461 si
599 1414 760 1486 quaeras,
772 1389 873 1462 unde
888 1393 1000 1489 igitur
1016 1392 1204 1466 mortuum
1212 1416 1281 1463 cen·

293 1535 395 1585 seam
411 1510 573 1607 ineque
583 1507 778 1604 pleuram,
798 1531 924 1606 neque
936 1511 1138 1608 pulmones
1149 1532 1279 1582 accusa·

293 1629 371 1718 bo,
403 1628 468 1703 sed
486 1619 732 1728 purulentum
751 1653 874 1702 serum
882 1653 898 1740 ⁷,
910 1655 988 1729 quo
1007 1631 1124 1705 altera
1137 1630 1279 1705 thoracis

293 1771 404 1820 cavea
422 1746 669 1846 implebatur,
695 1771 853 1846 eamque
878 1749 1178 1845 etiam-partem,
1197 1763 1280 1848 que*

293 1867 456 1963 cumque
481 1864 543 1938 illa
568 1864 699 1954 luerit,
731 1863 833 1936 unde
865 1869 938 1964 pus
961 1863 1089 1964 ipsum
1118 1869 1277 1941 extiterat.

292 1988 387 2056 Cum
411 1984 511 2055 enim
535 1984 781 2082 Hippocrates
800 1981 873 2081 (3)
900 1981 1034 2056 doceat
1046 1979 1062 2054 'z‘
1079 1993 1277 2084 quicumque
1378 2031 1379 2082 1

293 2103 343 2172 ab
365 2108 506 2197 arrgt'raa
531 2099 751 2188 liberantur,
769 2099 1130 2197 (videlicet'subito,
1150 2119 1190 2174 ut
1208 2100 1279 2174 Cel·
1378 2123 1379 2130 ¹

292 2243 355 2292 sus
372 2219 429 2318 (4)
439 2217 628 2309 reddidit,
645 2220 684 2290 id
704 2220 809 2318 quod
824 2215 916 2292 vh'uic
933 2245 1031 2320 aegro
1041 2221 1192 2294 videtur
1199 2218 1278 2291 ucci-

236 2395 239 2406 1
294 2337 416 2447 disse)
433 2337 489 2408 his
500 2335 555 2408 ad
562 2336 784 2435 pulmonem
805 2345 921 2429 uerti,
942 2355 980 2410 et
1002 2333 1041 2408 in
1061 2355 1199 2438 septem
1218 2331 1278 2406 die·

290 2455 359 2526 bus
367 2458 497 2552 perire
507 2480 518 2522 .·
529 2455 562 2524 εἰ·
572 2479 662 2524 vero
682 2453 981 2552 hoseffugerint‚
999 2460 1219 2554 supputari,
1229 2451 1281 2522 id·'

292 2574 367 2667 qu'e
383 2568 655 2666 uliquapurte,
673 2585 714 2641 ut
727 2570 857 2642 Celsus
872 2568 1061 2668 loquitur3
1082 2598 1152 2671 ego
1171 2570 1276 2669 quiin

290 2697 410 2782 aegro,
427 2701 511 2783 post
523 2685 622 2758 diem
633 2688 835 2784 septimum
848 2687 1066 2787 superstite,
1084 2714 1157 2788 pus
1172 2689 1275 2758 iuven·
1378 2749 1379 2774 ,

201 2829 204 2832 ’
289 2815 372 2873 tum
403 2800 514 2874 fuisse
532 2789 665 2890 uideo,
686 2803 979 2901 partem‘autem
1001 2806 1121 2878 unde¹
1137 2803 1276 2890 effluxit,
1378 2835 1379 2876 s

222 3009 225 3016 Ι
290 2920 514 3010 nonvide03
531 2944 747 3019 quanquam
761 2923 1007 3021 pulmonem,
1027 2925 1057 2995 si
1076 2919 1228 2996 historia
1240 2917 1277 2992 si·

168 3132 169 3135 Ἴ
289 3037 799 3137 neret,-libenter.culparem
814 3095 824 3130 ,
842 3040 1005 3114 liberum
1017 3039 1088 3113 tibi
1103 3037 1196 3114 facio
1206 3041 1277 3137 Hip·

290 3161 485 3250 pocratem
497 3156 549 3226 sie
563 3156 803 3252 interpretari
818 3185 828 3246 ,·
850 3171 892 3230 ut
907 3183 993 3232 cum
1006 3157 1225 3256 pulmonem
1236 3155 1278 3226 di·

288 3269 361 3356 xit,
382 3273 569 3367 proximas
586 3274 697 3344 etiam
717 3275 892 3371 pulmoni
903 3291 1054 3372 partes,
1074 3291 1119 3346 ut
1133 3277 1278 3348 eratstu·

289 3383 522 3458 diosissimus
544 3387 759 3478 brevitatis,
781 3389 965 3464 indicasse
982 3416 1147 3468 censeas
1175 3392 1279 3468 Dolor

355 3998 366 4074 )
388 3999 433 4056 De
448 3999 554 4056 medic.
570 4001 591 4056 l.
605 4018 639 4072 a,
653 4021 678 4059 c.
693 4021 720 4074 7.
