2832 4662
215 442 284 489 mr.
312 442 353 488 11.
383 437 1038 502 rmuona1srnonao1s,rr1sr.xx.
1066 416 1138 490 605
1217 465 1219 470 .

127 578 242 654 quam
254 553 350 625 alibi
372 551 446 650 (1)
466 549 673 650 proferam,
692 551 749 622 hae
766 550 848 624 duae
863 569 952 624 sunt
971 579 1053 650 quae
1082 579 1139 627 se-

129 687 311 770 quuntur.
977 677 980 688 '

179 787 234 860 51.
249 788 403 860 Juvenis
420 810 541 858 annos
555 786 640 883 plus
654 787 788 885 viginti
802 801 932 875 natus,
950 787 1015 883 qui
1031 785 1139 872 chro-

121 907 207 977 nica
234 919 344 977 antea
370 902 475 975 febre
504 903 761 991 laboraverat,
783 918 902 975 acuta
935 905 1139 1004 corripitur

123 1047 213 1095 cum
227 1023 359 1095 dolore
372 1022 548 1119 pectoris,
562 1018 781 1093 difficultate
795 1020 1024 1119 respirandi,
1033 1026 1138 1114 tussi,

126 1154 166 1213 et
180 1165 307 1240 paucae
322 1142 484 1210 materiae
501 1139 761 1237 exspuitione,
784 1140 991 1237 sanguineo
1010 1141 1138 1214 colore

121 1259 257 1331 tinctae.
275 1258 343 1328 Hic
356 1257 488 1354 primis
502 1257 603 1326 acuti
615 1255 740 1328 morbi
753 1255 888 1329 diebus
902 1258 1138 1356 plerumque,

120 1375 264 1447 ultimis
279 1373 445 1461 assidue,
463 1374 503 1442 in
522 1373 715 1444 sinistrum
732 1373 879 1468 jacebat
896 1375 1004 1448 latus.
1031 1376 1138 1450 Circa
1201 1424 1204 1440 ι

122 1493 313 1566 decimum
335 1506 483 1564 sextum
507 1504 562 1562 est
587 1505 769 1561 mortuus.
801 1493 844 1559 In
866 1507 998 1564 ventre
1030 1494 1138 1592 splen

120 1612 236 1710 triplo
261 1612 392 1707 major.
421 1607 601 1680 Thoracis
629 1608 847 1680 uniuersum
871 1608 1063 1680 sinistrum
1080 1635 1137 1684 ca-

121 1753 213 1801 vum
234 1753 324 1801 suus
344 1727 478 1826 pulmo
499 1726 656 1796 omnino
679 1721 869 1822 replebat5
892 1723 986 1796 adeo
1003 1724 1065 1796 bic
1083 1727 1137 1797 in·

121 1843 328 1920 tumuerat!
362 1846 481 1918 durus
500 1857 617 1931 totus,
645 1857 682 1914 et
704 1841 974 1931 inflammatus,
996 1842 1136 1942 pleurae

123 1981 249 2036 autem
266 1964 437 2060 undique
459 1985 648 2032 annexus:
665 1985 748 2058 quae
771 1960 844 2031 levi
861 1959 1043 2033 duntaxat
1062 1961 1136 2035 suf-

121 2081 206 2155 fusa
226 2082 383 2169 rubore,
400 2078 707 2152 inflammationis
742 2077 1053 2152 inchoamentum
1073 2107 1136 2153 ex-

121 2201 288 2274 hibebat.
308 2197 563 2273 Pericardium
590 2197 773 2285 humore,
803 2223 887 2270 sero
905 2182 1060 2271 vaccino
1088 2202 1136 2273 si·

122 2320 224 2408 mili,
240 2344 320 2390 non
338 2315 565 2415 opplebatur
582 2315 716 2403 modo,
733 2316 798 2388 sed
810 2317 918 2388 valde
937 2319 1047 2390 etiam
1066 2318 1156 2391 dis·v

119 2435 368 2525 tendebatur,
391 2435 548 2532 ejusque
570 2433 742 2505 humoris
766 2434 953 2506 nonnulla
980 2414 1135 2508 concre-

121 2568 250 2649 menta
272 2577 342 2652 per
357 2552 483 2625 cordis
494 2549 629 2624 faciem
650 2551 926 2628 sternebantur.
953 2556 996 2623 Ιιι
1021 2552 1135 2649 hujus

123 2668 281 2768 singulis
291 2670 512 2743 ventriculis
522 2668 677 2768 singulae
691 2670 841 2746 inerant
850 2669 1139 2767 polyposaecon·

125 2789 311 2861 cretiones
325 2789 484 2885 exigua,
499 2803 535 2858 et
552 2785 731 2876 flaccidae;
749 2787 861 2884 paulo
873 2802 1000 2858 tamen
1015 2789 1137 2884 major

124 2930 209 3002 quaa
226 2906 266 2976 in
284 2903 461 2978 dextero:
487 2904 726 2999 majoresque
741 2901 789 2974 ab
807 2904 962 3001 singulis
978 2906 1017 2975 in
1038 2907 1135 2976 auri·

127 3023 251 3111 colas,
273 3037 319 3101 et,
328 3046 443 3094 venas
468 3018 995 3117 ferebanturproductiones,
1022 3046 1136 3120 quam

125 3141 167 3211 in
184 3140 348 3211 arterias.
458 3131 472 3162 ⁹
549 3143 553 3148 ’

178 3251 233 3328 52.
248 3261 304 3327 En
316 3259 394 3354 jam
409 3255 562 3328 tertium
586 3253 626 3323 in
645 3250 716 3324 hac
731 3278 807 3324 una
822 3251 980 3349 epistola
997 3252 1050 3351 (a)
1071 3257 1137 3352 qui

125 3389 212 3474 post
232 3373 457 3451 diuturnam·
468 3371 612 3446 febrem
632 3372 771 3444 lienem
787 3371 1133 3472 babuitingentem.

125 3493 228 3564 Alios
239 3509 366 3566 autem
377 3492 467 3564 alibi
479 3515 635 3589 quoque
646 3487 698 3586 (3)
710 3489 939 3586 adjiciemus.
955 3491 1013 3562 Sic
1024 3491 1135 3595 etiam

66 3811 73 3821 “
167 3793 213 3872 (ι)
233 3797 327 3872 Epist.
344 3792 399 3865 45,
416 3813 446 3849 ιι.
464 3792 512 3888 ¹⁶¹,

166 3893 211 3972 (a)
231 3896 302 3952 Vid.
318 3913 424 3969 supra,
439 3913 470 3948 n.
488 3901 547 3948 aet
559 3890 608 3947 30.

167 3992 212 4071 (3)
232 3994 327 4070 Epist.
344 3995 398 4065 31,
414 4013 443 4049 n.
461 4011 494 4064 a,
509 4002 538 4048 et
550 3988 644 4066 Epist.
659 3988 695 4046 36
702 4029 711 4059 ‚
724 4006 755 4054 n.
772 4005 818 4059 17,
836 3987 881 4045 18.
