2750 4658
304 459 377 538 anfi
470 477 516 530 oe
543 475 760 527 sarmosia*
784 479 910 527 causis
934 477 1147 533 nonnosum

301 611 409 699 parte
430 607 676 692 conspectum
698 607 775 680 est,
795 594 868 664 nisi
884 594 989 691 quod
1011 621 1056 668 er
1074 597 1208 672 infimo
1231 605 1303 701 pul-

300 734 434 802 mone,
451 711 541 784 dum
558 711 682 784 cultro
696 709 860 807 apleura
875 711 1119 804 divideretur,
1126 717 1303 806 lacerato,

299 828 478 909 nonnihil
496 829 682 900 emanavit
701 826 784 937 seri
816 832 860 896 ln
880 828 995 902 corde
1019 845 1094 904 tres
1116 836 1299 934 polyposa

300 949 577 1032 concretiones
592 944 790 1017 densatum
802 969 959 1016 mucuns
973 947 1167 1038 colorc,et
1181 951 1302 1024 babitu

297 1065 526 1151 referentem
551 1064 591 1132 in
607 1063 714 1134 venis
743 1076 869 1135 autem
893 1087 1056 1156 crassus,
1080 1082 1119 1138 et
1143 1068 1301 1142 viscidus

297 1185 450 1284 sanguis
464 1183 641 1252 inventus
660 1194 725 1252 est.

350 1302 407 1376 15.
430 1298 534 1392 Quid
556 1297 671 1370 luisse
696 1295 866 1370 dicemus
889 1321 1028 1388 causae,
1052 1325 1121 1372 cur
1143 1328 1299 1400 paucum

296 1419 391 1497 adeo
409 1441 553 1506 sctum,
571 1419 703 1488 mcum
721 1415 980 1514 superioribus
996 1415 1166 1492 historiis
1183 1419 1301 1493 confe-

294 1537 500 1637 ras‚idquc
509 1537 548 1606 iu
561 1535 676 1606 altera
687 1532 871 1606 duntaxat
880 1531 1046 1607 thoracis
1054 1561 1184 1627 cavea,
1201 1542 1301 1610 maxi·

294 1681 357 1733 me
370 1655 597 1729 laboriosam
614 1653 905 1750 respirationem
920 1650 1087 1726 efficeret
1100 1655 1115 1724 l
1128 1659 1188 1727 An
1206 1657 1300 1756 quod

294 1776 423 1850 salinis
441 1771 629 1846 imbutum
654 1770 866 1870 particulis,
884 1769 1112 1869 pulmonum
1131 1799 1214 1845 non
1235 1792 1299 1846 tani

294 1896 406 1993 copia
426 1905 629 1992 premeret,
650 1911 765 1987 quam
789 1891 930 1962 aculeis
951 1893 1059 1989 quasi
1080 1892 1298 1990 quibusdam

295 2009 457 2086 subinde
474 2006 674 2097 irritando,
695 2009 1003 2109 constringeret?
1028 2014 1109 2082 lloc
1131 2013 1231 2084 nosti
1248 2011 1297 2083 ll·

291 2131 485 2206 bertinum
498 2127 554 2225 (1)
567 2127 646 2200 suis
661 2122 801 2198 fretum
812 2125 1144 2201 observationibus
1157 2129 1296 2202 docuis-

293 2273 356 2338 sc,
372 2261 409 2319 et
424 2267 492 2346 per
509 2243 696 2342 ejusmodi
713 2244 847 2314 salium
867 2245 1100 2318 irritamenta.
1112 2245 1296 2319 difficilem

294 2365 496 2464 explicasse
513 2355 799 2460 respirationem
821 2361 869 2434 ab
882 2360 1003 2436 effuso
1017 2385 1101 2436 sero
1116 2388 1195 2438 non
1209 2364 1295 2436 adeo

293 2481 431 2567 multo,
452 2477 518 2554 sed
536 2503 581 2552 eo
594 2479 761 2568 turbido,
779 2503 827 2551 ac
842 2483 1103 2578 intonseflavo.
1120 2482 1208 2554 Tale
1223 2481 1294 2580 qui-

293 2598 380 2671 dem
397 2599 435 2668 iu
446 2598 639 2696 proposita
650 2597 872 2670 dissectione
883 2621 962 2670 non
976 2597 1225 2687 describitur3
1240 2596 1294 2670 sed

187 2793 190 2800 ,
293 2732 439 2803 tamen,
452 2714 491 2786 id
504 2713 608 2812 quod
624 2715 663 2786 iu
675 2716 756 2788 aliis
769 2737 848 2788 non
864 2716 1294 2804 adnotatur‚subsalsum

292 2832 440 2907 dicitur.
458 2835 638 2931 Expectas
652 2829 806 2906 fortasse
817 2886 826 2920 ,
837 2849 879 2906 ut
896 2831 972 2908 buc
984 2833 1119 2906 addam
1134 2848 1212 2906 tam
1226 2855 1293 2904 arc·
1361 2819 1362 2885 3

290 2966 368 3026 tam
387 2949 487 3020 illam
505 2949 885 3048 alteriuspulmonis,
908 2967 946 3023 et
963 2952 1103 3050 pleurae
1123 2951 1291 3023 cobaesio-

290 3093 391 3145 nem.
409 3067 481 3140 Sed
503 3083 651 3165 quantas
668 3068 742 3140 sint
760 3068 844 3140 lites
860 3069 908 3142 de
925 3070 1056 3158 noxia,
1078 3093 1127 3140 an
1148 3067 1291 3141 innoxia
1360 3081 1361 3088 ’

293 3187 503 3272 cobaesionc
513 3185 1289 3287 huc‚veluuoinspectossepulchretoscire

291 3319 410 3404 potes.
434 3303 529 3375 lude
554 3305 656 3375 enim
678 3305 941 3404 Hippocrates,
966 3331 1032 3380 scu
1058 3306 1177 3378 mavis
1204 3303 1288 3376 anti·
1359 3343 1360 3392 p

291 3440 389 3522 quus
407 3433 538 3492 auctor
553 3425 583 3491 ll
605 3421 691 3492 libri
704 3421 752 3492 dc
764 3423 909 3494 Morbis
919 3422 995 3521 (a),
1010 3445 1112 3510 sam,
1130 3422 1225 3494 Salio
1238 3421 1287 3490 in-

287 3552 471 3636 terprete,
486 3538 679 3634 pulmonis
694 3538 750 3610 od
770 3537 869 3613 latus
880 3539 1108 3641 prolapsum
1126 3539 1286 3624 vocavit,
1358 3607 1359 3618 ,

203 3741 205 3748 y
286 3655 452 3754 indeque
471 3653 699 3728 laboriosam
716 3659 1002 3757 respirationem
1022 3657 1200 3731 deduxit:
1220 3677 1284 3726 nec

324 3939 369 4016 (ι)
389 3941 552 3996 Commeut.
571 3939 607 3996 de
621 3941 736 3997 Bnnon.
752 3941 801 3998 Sc.
815 3943 905 4014 lust„
923 3954 995 3999 tom.
1012 3962 1024 3998 1
1042 3941 1072 3998 in
1087 3941 1194 4018 Oputo.

322 4037 367 4115 (a)
387 4037 458 4096 vid.
471 4033 627 4114 Sepulchr.
643 4041 664 4096 l.
678 4057 712 4115 a,
726 4059 750 4100 s.
768 4059 781 4102 t
798 4041 830 4100 in
841 4038 943 4104 Schol.
956 4043 995 4102 ad
1008 4042 1075 4102 obs.
1089 4041 1137 4115 67.

1352 4603 1355 4647 l
