2812 4660
318 439 390 538 370
485 459 532 510 ne
558 454 706 506 senuas
731 455 775 504 er
801 453 924 502 ceus1s
949 453 1159 504 uenenum
1226 517 1229 522 ¹

318 588 459 659 ratum,
487 571 604 659 tribus
629 593 656 640 a
676 591 788 641 vente
803 573 967 639 sectione
987 569 1106 660 horle,
1129 571 1323 671 derepente

318 717 364 766 eo
382 704 493 791 rapto
512 692 687 773 interiret,
704 709 784 758 non
795 685 961 784 negavit,
979 709 1119 785 magna
1131 697 1228 762 artis
1244 715 1323 762 nos·

317 827 408 896 erce,
444 831 531 906 quae
556 802 682 878 maltis
707 817 761 875 est
782 801 949 893 auxilio,
976 802 1167 878 calumnia
1194 807 1237 880 id
1260 807 1323 881 sibi

316 924 516 1012 accidisse,
531 938 568 996 et
581 936 726 1019 turpem
729 922 854 1012 fuisse
864 919 1139 1010 calamitatem,
1160 928 1320 1023 agnovit.

316 1044 389 1118 Sed
416 1043 496 1141 ipse
516 1040 582 1137 qui
605 1035 782 1111 morbum
808 1061 880 1137 pro
900 1038 974 1109 alio
997 1043 1204 1138 accepisset
1235 1068 1322 1142 prae·

315 1176 462 1236 vertere
477 1155 704 1230 calumniam
722 1179 801 1226 non
820 1155 945 1253 potuit
963 1156 1044 1227 :illi
1062 1173 1196 1230 nostra
1211 1163 1323 1260 suspi-

317 1279 440 1362 cione,
454 1290 490 1348 et
510 1274 553 1346 iis
567 1298 649 1371 quae
666 1295 765 1371 aegro
777 1271 1072 1364 inculcaveram‚
1089 1275 1248 1369 auditis,
1261 1277 1323 1352 sibi

317 1394 454 1470 melius
470 1404 578 1464 antea
593 1389 791 1462 consulere
812 1390 1241 1488 potuissent.·Caeterum
1254 1421 1321 1468 ma·

318 1536 395 1612 gno
417 1509 479 1582 hic
499 1512 653 1607 quoque
678 1507 889 1608 descriptus
909 1532 930 1580 a
950 1507 1062 1582 nobis
1081 1536 1193 1585 casus
1212 1513 1320 1586 docu-

317 1641 447 1706 mento
464 1641 532 1712 est,
545 1651 592 1700 ne
603 1631 860 1728 repugnantes
872 1628 971 1725 aegri,
986 1627 1026 1698 in
1044 1627 1225 1704 obscuris
1235 1657 1319 1730 pre·

316 1747 445 1822 sertim
463 1741 627 1831 morbis,
645 1743 692 1816 ad
709 1742 865 1843 aliquod
878 1742 1105 1835 remedium,
1122 1749 1235 1846 quod
1251 1774 1318 1821 ma.

317 1886 435 1964 gnum
446 1863 511 1949 sit,
531 1875 594 1934 aut
607 1861 735 1960 magni
758 1861 923 1959 speciem
948 1861 1105 1952 habeat,
1123 1864 1318 1940 admitten-

257 2062 259 2075 1
317 1982 410 2056 dum
424 1993 625 2078 cogantur.
645 1983 702 2052 Tu
721 2002 813 2052 vero
830 1979 974 2052 interea
988 1979 1150 2072 valebis,
1172 1999 1216 2058 et
1231 2007 1318 2058 meas

316 2113 623 2197 aneurysmatum
633 2095 916 2172 observationes
927 2121 996 2196 per
1010 2112 1220 2176 anatomen
1238 2127 1316 2176 con·

318 2217 501 2307 firmatas,
517 2215 699 2317 proximis
715 2215 849 2288 litteris
869 2214 1094 2316 expectabis.
