2812 4660
182 419 250 465 nm.
279 417 319 464 11.
347 417 394 464 nr
420 415 775 496 nonsummum,
801 419 912 468 rmsr.
939 417 1027 469 xvir.
1057 395 1149 472 353³

125 531 360 629 paroxysmis
376 527 602 628 suffocativis
615 555 653 602 se
671 531 832 628 prodere
850 536 1129 633 inceperat,su-

123 649 244 720 binde
259 650 298 718 in
311 648 450 720 horum
461 672 685 747 progressu,
701 649 1023 726 autdeclinatione
1036 679 1143 726 eam·-

126 767 216 838 dem
238 764 417 864 poscebat
441 790 600 864 aquarn,
621 779 826 838 ut‘manus·
840 769 1019 843 duntaxat
1034 772 1132 844 lava-

128 898 209 972 ret,
227 908 269 954 ac
283 881 462 971 frontem,
478 882 643 980 hincque
657 907 694 953 se
709 884 884 955 nonnihil
900 911 1048 985 semper
1059 915 1144 962 ma·-

131 1002 188 1098 gis
208 1001 343 1087 levari,
358 1025 471 1097 quam
488 999 567 1070 ullo
584 1000 660 1080 alio,
674 1001 832 1072 remedii
852 1027 1009 1100 genere,
1035 1031 1145 1079 asse-2
1231 1091 1233 1098 Ι

127 1117 295 1190 rerabat
315 1122 419 1188 Tunc
429 1141 523 1216 ege,
543 1118 755 1215 quiaegrum
766 1120 811 1190 iis
824 1122 987 1217 primum
1002 1122 1146 1196 diebus·

128 1236 322 1324 viderem,
342 1249 379 1306 et
392 1234 470 1305 haec
483 1233 653 1306 audirem
670 1261 679 1322 ;
695 1237 787 1333 quin
806 1238 942 1334 potius,
959 1241 1135 1338 inquam,

130 1355 300 1426 venienti
311 1377 535 1451 paroxysmo
550 1353 619 1424 ista
626 1354 705 1450 ipsa
717 1357 861 1425 ratione
873 1360 1110 1432 occurrimus
1122 1341 1142 1430 ‚³⁴

128 1495 267 1542 manus
277 1487 401 1542 tamen
419 1495 499 1540 non
520 1485 667 1543 tantum
686 1471 868 1561 lavando,
886 1473 950 1544 sed
962 1490 998 1545 et
1015 1478 1136 1574 ipsas,

112 1603 170 1660 et
186 1587 340 1658 brachia
369 1586 416 1658 ad
444 1587 614 1658 cubitum
642 1610 763 1683 usque
788 1611 909 1659 mersa
937 1591 976 1659 in
1005 1594 1145 1666 eadem-

132 1731 252 1804 aqua,
265 1707 294 1777 si
311 1729 370 1776 res
385 1703 634 1774 votisnostris
646 1703 890 1799 respondeat,
908 1707 1053 1778 tamdiu
1070 1711 1136 1782 de-

132 1823 292 1896 tinendo
310 1822 400 1893 dum
418 1821 555 1891 indicia
575 1821 702 1890 omnia
718 1821 949 1894 imminentis
962 1849 1138 1923 paroxys-

135 1943 190 2012 mi
211 1963 366 2038 prorsus
391 1938 545 2025 abeant,
568 1952 684 2035 atque
703 1955 936 2011 evanescant.
957 1945 1043 2013 Non
1066 1943 1140 2014 dis·

138 2057 388 2130 sentientibus
416 2057 577 2143 ceeteris,
604 2079 703 2152 aegro
722 2071 846 2127 autem
867 2058 1052 2156 imprimis
1072 2086 1139 2131 an-

135 2193 299 2263 nuente,
316 2199 376 2246 res
390 2189 531 2245 tentata
546 2189 601 2244 est
613 2196 658 2243 eo
669 2173 791 2261 exitu,
808 2189 850 2244 ut
866 2197 952 2244 eum
967 2185 1150 2276 paroxysm

103 2347 106 2354 ·
136 2295 191 2365 mi
203 2295 265 2364 alii
280 2317 427 2390 graves,
445 2292 507 2362 alii
519 2291 678 2361 leviores
694 2289 815 2362 tribus
832 2295 1011 2389 proximis
1029 2319 1140 2394 supe·

136 2410 303 2482 rioribus
319 2408 451 2480 diebus
472 2406 689 2479 creberrimi
714 2405 890 2498 fuissent,
910 2409 969 2482 die
988 2437 1064 2510 quo
1088 2416 1140 2487 sic

135 2530 212 2602 illis
232 2531 398 2628 primum
418 2534 617 2598 occurs'um
631 2541 701 2611 est,
722 2527 789 2622 qui
802 2526 880 2598 dies
897 2525 1141 2606 fuitoctobris
1174 2609 1175 2612 ,
1266 2521 1267 2526 ἵ

136 2648 343 2744 septimus,
372 2660 409 2716 et
437 2659 600 2743 quatuor
617 2643 924 2740 insequentibus,
947 2649 1076 2720 nullus
1100 2675 1140 2724 se

138 2765 292 2836 exerere
323 2762 482 2833 insultus
506 2762 692 2859 potuerit;
719 2785 804 2831 cum
831 2761 958 2859 plures
982 2769 1141 2864 septimo

139 2881 347 2980 praesertim
362 2880 422 2951 die
441 2881 686 2976 incepissent,
705 2880 832 2949 cuncti
851 2895 974 2951 autem
996 2908 1039 2954 ea
1059 2910 1142 2980 quae

139 3002 241 3074 dicta
271 3018 348 3090 est,
376 3003 521 3072 ratione
553 3001 734 3072 continuo
761 3001 1069 3097 reprimerentur.
1098 3007 1143 3076 Et

141 3144 361 3216 quanquam
378 3119 510 3190 diebus
528 3118 707 3215 proximis
726 3115 803 3186 duo
819 3115 958 3188 fuerint
971 3119 1037 3214 qui
1054 3143 1143 3216 pro·

140 3237 267 3308 hiberi
286 3263 363 3307 non
382 3249 610 3334 potuerunt,
626 3235 687 3303 alii
700 3249 824 3304 tamen
838 3234 1034 3322 nonnulli,
1055 3238 1143 3314 etin

139 3355 201 3426 his
219 3354 366 3451 gravior
381 3354 532 3452 quidam
552 3354 732 3450 ingruens
757 3350 816 3420 die
837 3351 1143 3447 quartodecim0,

142 3473 305 3569 repressi
324 3489 410 3543 sunt
424 3467 592 3542 remedio
610 3468 761 3556 eodem3
784 3468 894 3540 crede
908 3471 1009 3541 enim
1028 3473 1143 3564 mihi,

142 3593 210 3687 qui
231 3591 351 3660 donec
369 3589 506 3678 adfuit,
522 3587 708 3686 quidquid
732 3588 908 3684 contigit,
930 3604 967 3659 et
986 3615 1063 3687 quo
1084 3592 1145 3663 die

142 3707 319 3802 contigit,
347 3719 556 3806 perattente
585 3720 834 3800 accurateque
859 3703 1044 3776 adnotavi.
1081 3711 1145 3778 At-

142 3849 217 3921 que
228 3826 371 3895 utinam
388 3849 430 3894 ea
447 3826 541 3896 ratio
559 3823 729 3895 arcendis
740 3822 1147 3920 omnibus‘parfuisset,
1245 3849 1248 3854 ·

141 3957 186 4012 ut
204 3967 268 4012 eos
289 3967 385 4040 quos
405 3941 500 4031 dixi,
525 3957 624 4012 certe
649 3942 787 4030 arcuit,
802 3965 881 4011 non
906 3942 1045 4011 minori
1061 3946 1148 4040 regri

217 4086 250 4130 α.
932 4055 976 4128 23
