2842 4672
270 487 316 560 70
427 482 474 532 DE
501 481 647 532 sumnus
673 480 717 528 ET
742 478 873 528 causls
900 478 1109 532 MORBORUM
1139 513 1149 528 .

267 601 406 671 mirum
425 600 513 696 quia
533 595 677 668 obeam
696 594 890 666 radiorum
904 596 1219 696 interceptionem
1235 621 1274 670 se
1351 659 1354 666 .

265 719 350 806 iris,
362 716 493 804 ored0‚
510 714 719 787 dilatationi
729 710 983 785 assuefecerat.
997 719 1180 788 Caeterum
1191 716 1274 787 nul·

264 835 323 906 lus
350 836 549 907 oculorum
567 830 698 920 dolor,
718 832 867 902 nullum
886 855 1116 932 magnopere
1138 857 1273 904 eorum

264 957 389 1026 motui·
406 950 730 1049 impedimentum.

315 1071 372 1142 26.
399 1075 480 1140 Jam
506 1055 597 1140 vero
623 1067 670 1141 de
694 1067 872 1140 morbosa
891 1068 1159 1165 lacrymatione
1179 1069 1273 1140 scri-

262 1187 432 1260 bendum
450 1199 514 1259 est.
532 1187 621 1278 Quae
643 1185 689 1257 de
705 1184 776 1257 hac
792 1186 832 1256 in
851 1183 1098 1285 Sepulchreto
1115 1185 1272 1284 legeris,

264 1321 328 1377 aut
345 1306 505 1391 omissa,
524 1319 679 1376 autnon
698 1303 950 1401 itaexplicata
967 1319 1108 1392 essent,
1135 1304 1165 1376 si
1186 1328 1270 1400 quae

265 1421 311 1494 de
329 1423 490 1494 naturali
502 1423 769 1520 lacrymatione
782 1424 822 1492 in
833 1423 967 1494 eodem
978 1421 1032 1519 (1)
1048 1419 1273 1520 prioponuu·¹

263 1554 327 1610 tur
337 1565 382 1612 ex
392 1553 498 1638 parte
512 1563 619 1627 vera,
633 1553 849 1612 constanter
857 1541 1031 1629 retineri,
1048 1564 1171 1638 neque
1182 1563 1270 1611 cum

264 1654 454 1755 falsisquae
464 1657 620 1730 admista
630 1672 730 1746 sunt,
744 1635 1271 1758 coufirndipotuissent.Nunc

265 1773 312 1845 de
331 1785 496 1872 quatuor
506 1774 849 1868 observationibus,
861 1776 910 1854 ‘ad
921 1777 1170 1872 lacrymarum
1184 1797 1273 1846 auc·

262 1906 340 1962 tam
359 1890 583 1965 effusionem
609 1893 872 1982 attinentibus,
897 1908 975 1966 tres
998 1893 1051 1990 (a)
1082 1907 1271 1990 suntque

263 2008 377 2105 hujus
387 2013 441 2082 rei
452 2037 604 2084 causam
613 2011 882 2084 exuberantem
891 2011 1194 2098 intrascalvariam
1207 2010 1272 2082 hu-

262 2129 380 2201 moris
398 2131 545 2228 copiam
560 2129 787 2220 obtrudant,
801 2131 910 2226 quasi
923 2129 1012 2202 inde
1023 2132 1089 2200 viae
1099 2143 1272 2227 paterent

263 2244 515 2342 lacrymarum
539 2248 586 2319 ad
608 2231 770 2320 oeulos:
796 2247 903 2345 quod
921 2257 1027 2320 tanto
1050 2248 1174 2318 minus
1193 2259 1271 2319 erat

263 2359 588 2460 faciendum‚quia
601 2365 926 2463 lacrymarum'illa
939 2362 1272 2454 ubertas‚infemi-

264 2480 323 2551 nis
339 2482 567 2577 praesertim,
585 2498 650 2555 aut
665 2484 862 2576 atristitia,
881 2499 946 2556 aut
962 2508 983 2555 a
999 2483 1131 2555 dolore
1148 2485 1271 2554 mani·
1350 2481 1352 2485 ’

263 2594 460 2670 festissime
469 2600 725 2697 proveniebat.
734 2581 840 2676 Tune
849 2618 974 2677 autem
982 2601 1186 2674 orbiculari
1198 2601 1272 2700 pal·

261 2713 468 2810 pebrarum
482 2717 673 2808 musculo,
685 2733 728 2790 ut
741 2721 781 2790 in
798 2719 976 2793 flentibus
987 2719 1159 2792 videmus
1171 2714 1269 2806 fieri,

262 2829 416 2928 saepius,
433 2835 590 2923 arctius,
610 2834 749 2910 diutius
762 2852 977 2927 contracto,
994 2847 1075 2928 tum
1093 2835 1269 2934 glandula

261 2948 497 3034 innominata
514 2955 632 3051 magis
648 2971 819 3054 urgetur,
843 2971 887 3027 ut
914 2951 1000 3054 plus
1017 2955 1190 3027 humoris
1211 2979 1268 3027 se-

263 3081 406 3158 cernat,
434 3081 471 3141 et
487 3071 587 3142 inter
609 3073 808 3204 palpebras
832 3070 1023 3162 effundat,
1048 3087 1130 3144 tum
1156 3069 1268 3144 simul

261 3196 393 3257 tenues
413 3189 623 3287 mollesque
648 3191 728 3286 ejus
751 3191 924 3263 humoris
948 3190 996 3262 ad
1014 3191 1196 3300 majorem
1218 3189 1269 3262 la-

260 3283 462 3397 erymalem
479 3305 682 3378 ductum
648 3333 715 3378 vaae
734 3307 1060 3406 comprimuntur,
1077 3321 1122 3378 ut
1141 3307 1268 3378 minus

259 3416 431 3492 humoris
446 3424 613 3518 ejusdem
626 3448 759 3496 nasum
771 3449 902 3498 versus
914 3421 1055 3498 efferre
1060 3439 1213 3522 queant
1225 3427 1268 3494 In

258 3536 406 3634 reliqua
424 3555 556 3634 autem,
567 3541 829 3617 observatione
851 3547 1029 3632 XXXIII,
1046 3541 1214 3614 calculus
1231 3547 1269 3611 in

297 3835 341 3916 (1)
363 3839 444 3896 Sect.
462 3836 517 3898 hac
532 3841 567 3897 18
579 3854 648 3920 post
660 3845 724 3901 obs.
742 3847 794 3918 33,
807 3845 945 3924 Append.
962 3865 975 3902 r
995 3855 1024 3903 et
1038 3838 1137 3903 schol.
1153 3842 1193 3902 ad
1204 3843 1268 3902 obs·

262 3938 339 4007 1,iu
350 3940 502 3997 Additam.
1014 3981 1016 3985 ι

298 4036 342 4114 (a)
364 4041 387 4094 I.
403 4041 494 4098 modo
508 4041 556 4098 cit.
572 4051 602 4098 et
615 4042 648 4099 31
662 4084 669 4112 ,
685 4044 732 4100 32.
