2842 4672
298 437 348 522 llll
463 455 510 502 nu
535 451 681 502 sumnus
705 452 754 499 ur·
773 449 899 500 causis
924 413 1133 500 uouronuu
1188 412 1197 439 ³

296 601 381 673 quae
398 588 435 645 et
455 572 608 644 mollior
623 585 725 660 erat;
753 595 970 669 quanquam
990 553 1060 644 nec
1086 571 1204 644 durus
1229 598 1316 646 uu‘

297 692 402 763 cleus
429 689 509 762 fuit.
541 690 645 761 Alter
668 713 760 760 vero
785 686 1022 786 crystallinus
1045 715 1091 760 ex
1110 689 1234 761 albida
1262 694 1310 762 in

297 807 442 880 ambitu
457 806 572 880 fiebat
596 805 818 895 substantia3
832 808 871 876 in
885 805 1097 878 meditullio
1113 821 1240 880 autem
1258 833 1311 881 ex

297 929 416 1002 fusca:
430 929 511 1001 haec
530 955 551 1004 a
568 927 782 1000 meditullio
794 927 842 999 ad
856 927 1024 999 medium
1040 926 1148 1000 faciei
1163 931 1311 1001 utrius·
1415 891 1416 970 l

296 1075 372 1146 que
394 1046 659 1147 perveniebat,
677 1046 829 1118 mollior
846 1070 960 1144 quam
977 1043 1121 1134 albida,
1140 1071 1222 1144 quae
1249 1062 1310 1118 ta·
1415 1105 1416 1118 ,

294 1191 385 1238 men
400 1190 471 1239 nec
483 1167 564 1264 ipsa
575 1181 654 1236 erat
669 1164 774 1236 dura.
793 1170 973 1236 Praeterea
995 1163 1059 1234 hic
1080 1179 1181 1236 totus
1201 1189 1308 1263 crys-
1415 1197 1416 1208 ¹

295 1283 447 1357 tallinus
477 1308 557 1354 non
586 1284 709 1356 solum
734 1283 856 1354 multo
883 1283 1009 1354 minus
1032 1297 1111 1354 erat
1137 1305 1307 1372 crassuS‚
1415 1293 1416 1374 l

294 1427 409 1500 quam
425 1427 575 1499 aequum
592 1402 660 1490 sit3
681 1401 746 1474 sed
761 1402 879 1498 etiam
894 1399 942 1494 ad
956 1391 1076 1471 unum
1095 1400 1192 1472 latus
1207 1426 1307 1498 qua·
1415 1483 1416 1504 χ

294 1519 381 1590 dam
401 1522 458 1592 sui
474 1534 579 1618 parte
599 1543 750 1604 careus,
772 1543 890 1616 eaque
901 1545 980 1590 non
991 1519 1165 1616 parvula,
1179 1533 1223 1589 ut
1236 1521 1308 1588 cir-
1415 1509 1416 1536 l

294 1637 413 1709 culari
430 1637 575 1710 ambitu
584 1661 664 1707 non
676 1650 782 1708 esset.
800 1639 878 1708 Nee
891 1637 961 1708 alia
975 1638 1015 1707 in
1030 1638 1173 1709 utrovis
1185 1637 1303 1709 oculo

257 1845 258 1848 Ἴ
293 1781 378 1852 quae
406 1769 540 1856 praeter
566 1768 742 1826 naturam
771 1779 809 1826 se
839 1754 1042 1844 haberent,
1067 1753 1307 1827 animadver-
1415 1765 1416 1774 ³

294 1855 438 1946 timus(

345 1994 399 2065 16.
417 1994 454 2063 Si
468 2017 540 2091 pro
548 2008 651 2066 certo
664 1993 758 2064 scire
767 1988 951 2080 licuissefl,
962 1994 1140 2091 exiguum
1148 1992 1186 2063 id
1195 1993 1304 2090 quod

189 2201 195 2212 1
292 2110 410 2182 homo
425 2137 447 2182 a
467 2111 602 2200 latere,
620 2125 662 2181 ut
685 2112 828 2181 dictum
847 2125 919 2197 est,
935 2109 1112 2200 videbat,
1135 2125 1303 2209 utroque

292 2230 430 2318 oculu,
450 2253 498 2300 an
514 2229 656 2316 altero,
672 2243 709 2298 et
725 2251 746 2297 a
760 2253 839 2324 quo
855 2228 970 2300 latere
985 2227 1146 2318 videret;
1161 2230 1303 2327 procli·
1415 2299 1416 2326 ¹

292 2347 376 2416 vius
399 2360 496 2416 esset
518 2344 665 2433 dicere,
689 2359 737 2413 an
761 2345 848 2416 ideo
866 2344 1012 2416 videret
1026 2344 1130 2442 quod
1147 2345 1303 2420 alterius

291 2459 497 2559 crystallini
514 2459 687 2532 humoris
704 2460 868 2532 ambitus
885 2476 981 2534 esset
1001 2461 1158 2534 dilutius
1167 2461 1302 2552 flavus

291 2605 341 2649 an
359 2577 464 2677 quod
482 2576 635 2650 alterius
652 2603 738 2676 pars
755 2578 819 2649 illa
833 2603 952 2677 opaca
969 2603 989 2650 a
1008 2579 1124 2651 latere
1142 2580 1305 2654 deesset..
1338 2638 1340 2642 .
1415 2645 1416 2654 ,

202 2701 205 2704 ’
288 2697 400 2768 Nunc
414 2721 455 2767 re
472 2695 548 2767 hac·
557 2698 597 2766 in
612 2697 742 2768 medio
751 2697 898 2785 relicta,
912 2698 1005 2770 illud
1020 2698 1125 2795 quod
1143 2715 1301 2790 constat,

290 2814 480 2902 dicemus,
494 2814 614 2886 multo
633 2814 907 2888 morbidiorem
932 2813 1018 2888 eum
1038 2817 1304 2914 crystallinum

289 2909 409 3004 fuisse'
430 2958 544 3030 quem
566 2930 733 3006 secundo
751 2932 836 3006 loeo
853 2933 1138 3034 descripsimus;
1157 2937 1303 3034 quippe

290 3065 415 3121 totum
435 3051 551 3150 magis
572 3075 754 3150 opacum,
772 3066 809 3123 et
823 3051 876 3124 ibi
888 3049 1100 3124 molliorem
1119 3054 1188 3125 ubi
1205 3055 1302 3128 solet

288 3171 495 3268 prasertim
519 3170 558 3240 in
589 3168 870 3244 senescentibus
900 3194 979 3242 esse
1008 3170 1167 3243 durior:
1190 3198 1300 3269 aequo

288 3303 471 3384 praterea
498 3289 730 3378 tenuiorem,
754 3304 867 3386 atque
890 3289 1048 3387 iusuper
1063 3291 1297 3362 mutilatum.

288 3409 515 3477 Hocautem
535 3431 629 3477 num
656 3408 745 3504 quia
767 3431 848 3479 eam
868 3432 952 3504 quae
980 3407 1126 3497 deerat,
1151 3425 1299 3509 partem

257 3507 259 3511 ’
288 3507 390 3594 idern
407 3524 601 3596 invasisset
622 3523 798 3614 morbus,
815 3525 883 3598 sed
903 3527 1044 3616 acrior,
1063 3528 1129 3624 qui
1150 3543 1298 3626 partem

288 3636 452 3712 mediam
476 3657 557 3713 tum
578 3641 791 3715 molliorem
821 3642 977 3734 fecerat,
1002 3668 1115 3741 quam
1140 3670 1210 3743 par
1230 3647 1298 3736 sit,

289 3773 372 3854 tum
389 3757 552 3848 fuscam,
569 3759 607 3852 id
632 3775 688 3833 est
709 3762 817 3858 quasi
836 3762 1147 3862 semicorruptum
1162 3765 1179 3834 t
1193 3763 1298 3836 Nihil

289 3874 429 3948 horum
442 3878 481 3948 in
498 3878 714 3974 crystallino
726 3878 865 3952 altero:
881 3879 999 3952 flavus
1015 3896 1143 3954 autem
1157 3907 1235 3981 quo
1245 3883 1299 3952 in·
1316 3905 1333 3948 s

289 3990 501 4084 ficiebatur,
517 3995 624 4070 color
638 3998 783 4098 saepein
793 3999 1091 4093 senescentibus,
1105 4000 1299 4101 etihiprae·
