2832 4662
293 378 364 452 528
456 399 504 446 na
530 392 676 444 sturnus
700 393 744 440 rr
769 389 893 440 causis
919 389 1132 441 nonnosum

293 515 491 588 demittere
510 510 702 610 potuisset.
723 507 874 603 Reliqui
892 521 969 578 tres
994 532 1073 606 quo
1098 508 1192 580 anni
1212 525 1307 582 tem·

293 659 387 734 pore
404 633 443 701 in
460 653 557 727 aqua
577 626 739 713 fuerint,
758 623 979 695 adnotatum
996 650 1076 696 uon
1089 625 1223 716 vide0‚
1237 631 1307 701 nisi

294 749 398 850 quod
419 748 465 818 de
481 772 560 817 uno
576 742 854 816 Kundmannus
874 740 1025 830 scribit,
1043 740 1157 816 fuisse
1172 745 1307 842 uigilia

286 865 478 970 paschali}
489 865 536 935 de
548 863 665 934 altero
681 874 806 931 autem
816 882 906 928 mox
922 858 1068 930 assidua
1078 861 1174 933 tussi
1190 861 1308 934 obor-

295 1002 349 1075 ta,
362 1009 463 1081 saepe
474 987 690 1077 sanguinem
698 999 915 1074 grumorum
928 1001 977 1047 ex
976 977 1228 1075 pulmonibus
1242 983 1309 1078 eje·

295 1109 403 1189 cisse;
422 1099 524 1197 quod
542 1121 613 1196 pro
632 1096 772 1166 indicio
787 1119 890 1191 aquae
910 1093 1051 1168 habere
1068 1119 1203 1195 posses
1221 1123 1304 1196 quae

294 1221 474 1318 inspirata
489 1218 564 1286 vim
581 1213 764 1285 attulisset
782 1212 1010 1285 tenuissimis
1025 1237 1159 1286 eorum
1174 1239 1308 1288 vascu-

294 1337 350 1408 lis.
371 1334 484 1406 Vides
499 1355 558 1402 me
576 1354 700 1428 neque
716 1329 779 1400 illa
797 1330 925 1402 minus
943 1329 1157 1421 credibilia,
1180 1358 1307 1432 neque

295 1453 433 1540 multa,
449 1451 650 1545 minusque
661 1462 760 1532 tota,
778 1445 842 1519 sed
857 1470 995 1546 pauca,
1015 1447 1209 1549 obviaque
1227 1475 1308 1522 om·

295 1570 424 1659 nibus,
444 1590 653 1646 memorare
670 1563 858 1662 exempla3
875 1565 979 1636 nulla
1000 1581 1126 1638 autem
1150 1592 1199 1639 ex
1223 1569 1307 1640 cali·

297 1688 488 1774 dioribus,
502 1700 567 1757 aut
585 1684 704 1781 magis
716 1686 933 1780 temperatis
942 1683 1163 1781 regionibus
1177 1688 1305 1784 petita,

296 1804 494 1904 inquibus
517 1817 561 1874 ut
580 1802 701 1872 multo
728 1798 965 1897 frequentior
990 1815 1061 1891 est,
1095 1806 1306 1900 praesertim

297 1939 439 2010 astate,
457 1919 611 1992 nutandi
627 1917 883 2005 consuetudo,
898 1921 950 1990 sie
965 1918 1149 2018 plurima,
1167 1923 1201 1993 si
1211 1947 1306 2019 qua·

297 2042 451 2130 siveris,
482 2054 518 2110 te
553 2061 632 2108 non
661 2035 796 2108 dubito
823 2059 901 2110 esse
926 2037 1181 2109 inventurum.
1211 2041 1304 2114 Hinc

297 2161 397 2234 enim
414 2156 564 2228 videtur
576 2159 768 2238 Romanus
784 2152 953 2226 medicus
971 2153 1128 2251 Zachia(
1135 2155 1169 2252 1)
1191 2183 1238 2229 eo
1255 2156 1304 2228 fa·

298 2279 404 2350 cilius
425 2274 626 2361 adductus,
651 2286 694 2343 ut
709 2271 756 2343 de
774 2270 979 2355 submersi,
1005 2285 1041 2344 et
1059 2288 1146 2370 post
1168 2274 1302 2347 horam

298 2421 319 2468 e
346 2394 501 2464 llumine
528 2390 691 2487 exempti
714 2389 864 2485 juvenis
886 2390 1121 2462 restitutione
1141 2389 1302 2465 fidenter

298 2509 490 2595 scriberet,
502 2523 642 2578 certum
660 2531 736 2578 esse
752 2505 906 2594 debere,
925 2531 1002 2580 non
1012 2507 1126 2578 modo
1145 2508 1220 2580 hoc
1237 2517 1301 2582 mi-

297 2626 508 2706 raculosum
527 2649 603 2694 nou
627 2648 703 2696 esse
714 2679 725 2712 ‚
756 2623 824 2695 sed
846 2649 965 2723 neque
986 2629 1081 2696 inter
1106 2650 1154 2698 ea
1174 2643 1302 2699 eventa

298 2741 640 2816 connumerandum
652 2767 739 2839 quta
757 2739 913 2812 multam
925 2741 1220 2816 admirationem
1237 2769 1301 2816 au-

296 2859 483 2932 dientt'bus
501 2863 667 2930 excitare
686 2873 959 2930 consueverunt.
975 2859 1047 2930 Sed
1070 2859 1118 2931 ab
1139 2859 1201 2933 bis
1224 2887 1302 2960 quae

295 2981 336 3050 in
361 3005 401 3051 re
421 2977 634 3075 gravissima
660 2978 739 3048 veri
754 2975 935 3046 duntaxat
955 2975 1199 3073 inquirendi,
1229 3004 1302 3050 non

297 3087 580 3168 contradicendi
611 3093 776 3164 studium
805 3094 1004 3192 expressit,
1035 3094 1082 3165 ad
1106 3099 1303 3194 superiora

295 3211 509 3299 redeundo,
532 3236 600 3282 cur
627 3235 698 3307 ego
716 3208 886 3298 tandem,
905 3211 1071 3308 inquies,
1097 3213 1128 3286 si
1154 3216 1194 3284 in
1216 3213 1302 3286 sub·

296 3332 428 3402 mersis
443 3327 621 3412 omnibus
634 3351 703 3424 per
721 3341 886 3425 apertam
901 3381 912 3415 ,
933 3343 970 3398 et
982 3327 1138 3400 minime
1151 3347 1303 3428 protec-

296 3461 372 3518 tam
394 3445 588 3544 glottidem
599 3439 701 3542 patet
715 3445 838 3516 aditus
850 3447 889 3514 in
903 3445 1123 3541 pulmones,
1140 3445 1215 3518 hos
1226 3473 1302 3519 non

296 3564 436 3663 pariter
454 3564 494 3634 in
515 3561 693 3667 omnibus
718 3561 863 3660 egelida
889 3561 1019 3634 saltem
1046 3587 1145 3660 aqua
1173 3565 1304 3638 subit?

299 3769 1302 3802 *nm-*m

330 3937 376 4018 (ι)
397 3941 506 4009 Quaest.
523 3937 601 3994 med.
620 3937 726 4012 legal,
739 3894 812 3995 lom.
829 3938 862 4009 3,
875 3936 981 3994 consil.
995 3957 1048 4014 79,
1061 3957 1093 3996 n.
1110 3959 1157 4000 rr.
