2832 4662
283 459 352 559 598
450 485 497 532 ns
522 479 669 530 scurrus
694 482 739 529 nr
763 479 888 530 causis
914 477 1126 530 nonnosum

283 596 580 671 mendosissimis
601 593 771 692 alioquin
799 593 994 666 codicibus
1006 593 1059 666 ihi
1075 594 1205 667 vitium
1215 613 1278 666 sus

283 718 412 818 picor,
431 731 472 787 nt
493 729 584 813 puta
599 715 629 785 si
645 713 777 784 ultima
783 709 943 809 jacendi
955 711 1117 810 syllaba,
1132 711 1176 782 ab
1195 713 1276 783 osci·

289 832 459 906 tantillus
481 831 642 903 librariis
660 831 818 928 repetita
826 883 839 918 „
863 849 933 928 pro
943 829 1135 923 facilitas,
1155 844 1213 900 aut
1216 831 1276 920 sa·

268 945 405 1024 'cultos
417 965 500 1020 orta
517 963 613 1021 esset
631 971 704 1019 vox
719 945 948 1044 difficultas,
968 963 1032 1018 aut
1046 949 1078 1018 si
1090 945 1276 1042 difficultas
1365 963 1370 983 ·

284 1066 486 1166 legendum
509 1081 588 1137 est:
611 1067 664 1137 sic
681 1061 889 1162 accipio'ut
911 1047 1126 1138 molestiam
1142 1063 1277 1161 quidem

286 1211 308 1256 a
327 1183 507 1256 decubitu
524 1183 584 1254 vel
608 1184 646 1253 in
670 1207 810 1281 aegrum
830 1183 927 1261 latus
950 1182 1174 1280 intelligam,
1190 1180 1278 1252 nullo

286 1318 413 1374 tamen
429 1300 543 1372 modo
558 1325 643 1372 cum
657 1325 704 1372 eu
714 1299 847 1372 dolore
857 1299 1278 1398 comparandam,quern

289 1417 376 1490 facit
393 1417 593 1490 decubitus
611 1419 649 1489 in
668 1420 901 1500 contrarium
920 1417 1027 1490 latus.
1051 1419 1113 1489 Sic
1133 1418 1235 1489 etiam
1247 1416 1278 1486 in

287 1536 483 1635 proposita
509 1539 667 1610 muliere
697 1538 906 1610 Valsalvam
933 1537 1090 1635 quidem
1118 1536 1280 1608 indicasse

288 1655 551 1751 impotentiam
577 1655 689 1727 video
720 1654 885 1726 cubandi
912 1657 951 1726 in
978 1655 1077 1727 latus
1104 1651 1280 1739 affectum

177 1773 179 1778 ’
288 1762 450 1844 sednon
470 1787 671 1872 propterea
690 1773 934 1860 crediderim,
951 1793 1030 1844 non
1045 1774 1170 1858 multu
1187 1769 1280 1865 maja

276 1913 371 1965 rem
396 1887 508 1963 luisse
533 1893 763 1980 cruciatum,
780 1894 810 1964 si
831 1891 967 1963 mulier
990 1894 1029 1964 iu
1045 1913 1182 1986 sanum
1202 1890 1281 1959 latus

245 2000 249 2008 ’
287 2007 413 2104 jacere
440 2025 642 2082 conaretur
657 2035 665 2079 ε
683 2033 809 2109 neque
838 2013 939 2084 enim
965 2012 1003 2082 id
1027 2024 1142 2108 negat
1162 2037 1169 2078 ε
1186 2020 1241 2079 aut
1256 2003 1280 2074 si

290 2149 371 2196 non
392 2123 481 2219 fuit,
502 2127 625 2198 redire
647 2128 693 2198 ad
711 2128 750 2198 id
770 2149 887 2227 cogor
902 2129 1008 2226 quod
1029 2151 1145 2226 supra
1161 2125 1211 2222 (1)
1225 2120 1280 2193 las·

290 2267 448 2316 sussum
462 2243 580 2329 ultro,
596 2240 759 2316 difficilis
770 2241 1109 2316 decubituscausas
1120 2263 1280 2314 nunsen-

290 2379 362 2460 per
374 2363 414 2432 in
436 2360 638 2460 propatulo
654 2383 753 2447 esse;
770 2374 813 2430 ut
828 2362 873 2447 si,
894 2361 1056 2458 exempli
1080 2381 1279 2447 causamur

292 2479 409 2550 modo
429 2479 580 2576 picum,
598 2478 662 2551 sed
682 2492 719 2549 et
735 2479 965 2576 periosteum
986 2495 1111 2576 costas
1132 2478 1279 2574 undiquc

295 2597 538 2692 succingens,
557 2595 608 2672 oh
624 2595 871 2667 arctissimum
891 2597 930 2665 in
951 2595 1022 2666 hac
1044 2597 1200 2668 muliere
1215 2592 1278 2694 pul·

291 2713 418 2784 monis
435 2735 591 2800 nexum,
611 2727 648 2784 et
666 2699 861 2811 pulmonis
889 2729 969 2784 tum
984 2713 1279 2797 inflammatione,

291 2845 372 2901 tum
389 2827 564 2902 abscessu
581 2829 752 2919 distenti,
772 2831 821 2902 ita
844 2828 974 2904 fuisset
997 2830 1233 2918 distractum,
1248 2839 1280 2897 ut

227 2935 229 2939 ¹
291 2947 415 3046 premi
428 2946 683 3020 incumbentis
698 2949 871 3046 corporis
886 2949 1056 3046 pondere
1069 2951 1152 3020 sine
1166 2943 1279 3020 eximio

291 3063 426 3136 dolore
444 3089 523 3135 non
541 3066 736 3163 potuisset.
760 3067 977 3164 Utcumque
995 3064 1035 3136 id
1055 3080 1131 3155 est,
1146 3063 1211 3137 etsi
1233 3057 1280 3130 Al·

294 3181 487 3254 bertinum
504 3184 661 3254 memini
683 3182 828 3271 dicere,
847 3184 887 3254 in
901 3178 1216 3282 piipneumonia
1229 3175 1279 3246 de·

292 3297 470 3386 cubitum,
481 3299 598 3372 modo
616 3301 656 3372 in
671 3297 868 3388 allectum,
886 3301 1001 3372 modo
1019 3302 1059 3372 in
1080 3296 1279 3400 oppositum

195 3433 198 3440 ·
295 3415 392 3487 latus
405 3440 482 3489 esse
496 3415 719 3506 faciliorem3
733 3431 859 3490 tamen
874 3433 912 3490 et
921 3419 1129 3492 Valsalvam
1138 3409 1280 3495 memini,

295 3557 383 3604 cum
400 3533 441 3604 id
458 3531 659 3624 fateretur,
674 3537 727 3608 sic
746 3535 974 3625 distinxisse,
991 3551 1034 3607 ut
1043 3525 1145 3628 illud
1161 3537 1197 3604 in
1213 3527 1279 3628 plu·

294 3651 419 3740 rimis,
436 3649 512 3724 hoc
533 3677 625 3726 vero
644 3655 683 3724 in
704 3653 901 3726 nonnullis
919 3653 1116 3742 duntaxat,
1134 3647 1201 3724 sibi
1217 3643 1278 3716 ani·

294 3767 533 3842 madversum
562 3786 809 3862 asseveraret,
830 3771 870 3843 id
892 3771 998 3872 quod
1020 3767 1278 3843 observationes

335 4050 379 4130 (1)
399 4054 438 4110 n.
460 4053 508 4110 23.
551 4109 553 4114 ,
