2750 4658
307 401 377 474 288
477 425 523 472 or
549 423 694 472 scurrus
719 425 762 472 rer
788 423 910 474 crusrs
935 425 1146 478 corsorum

305 562 349 610 ac
366 552 511 626 tensos,
525 561 611 608 cum
629 537 724 609 salsa
746 552 784 610 et
799 537 977 610 vellicans
993 537 1072 613 fuit.
1091 545 1147 613 Tu
1161 541 1290 638 qualis,

301 669 338 728 et
357 678 432 752 qua
457 653 565 751 copia
585 651 717 741 fuerit,
745 654 846 752 apud
869 657 1131 728 Vicussenium
1148 658 1247 758 leges
1262 660 1293 728 in

300 769 373 842 illis
390 768 558 857 duobus,
582 795 747 867 quorum
763 771 887 860 alteri,
910 787 1083 871 utsupra
1103 774 1293 872 (r)1rarra·
1355 779 1356 814 r

301 888 424 960 vimus
433 941 443 976 ,
453 887 603 985 pulsum
614 885 742 975 fuisse,
752 886 930 962 indicavit
937 913 1114 986 parvum,
1128 889 1295 988 frequen·

302 1021 398 1094 tem,
411 1004 652 1100 inaequalem,
668 1003 776 1076 alteri
785 997 909 1076 autern
921 1021 1056 1102 praeter
1067 1007 1147 1080 haec
1160 1031 1295 1104 semper
1356 1063 1357 1076 ,

302 1120 414 1194 valde
426 1119 600 1207 mollem,
612 1133 649 1192 et
665 1117 839 1192 debilem.
857 1122 952 1190 Sero
962 1137 1106 1212 autem,
1121 1140 1165 1196 ut
1181 1139 1297 1196 caetera

304 1250 620 1325 commonstrant,
643 1235 785 1308 viscido
820 1237 919 1308 intra
949 1261 1114 1311 crassum
1141 1243 1295 1338 pericar·

305 1354 425 1441 dium,
438 1352 541 1424 librae
550 1352 699 1450 pondus
708 1369 927 1453 superante,
938 1361 1093 1453 exiguos
1102 1353 1217 1430 fuisse
1227 1358 1296 1457 pul·

305 1495 386 1559 sus,
402 1494 448 1541 ac
466 1469 681 1566 languidos,
693 1472 733 1542 in
750 1471 863 1544 vidua
875 1472 1036 1570 quadam
1047 1499 1231 1572 generosa
1243 1474 1294 1546 ad·

304 1588 448 1662 notavit
465 1585 714 1660 Hoffmannus
726 1586 792 1684 (2)
811 1589 887 1679 Qui
912 1613 997 1662 cum
1018 1588 1189 1685 subjicit,
1219 1589 1297 1687 quid

305 1706 346 1777 in
363 1705 475 1778 vidua
494 1705 609 1777 altera
632 1703 872 1776 observatum
894 1705 941 1776 sit
959 1729 980 1774 a
1001 1704 1175 1778 Ballonio
1189 1705 1257 1804 (3),
1273 1707 1297 1777 si

306 1820 421 1918 hujus
441 1821 556 1894 verba
579 1845 825 1894 amanuenses
848 1821 969 1909 illius,
994 1836 1058 1893 aut
1083 1822 1296 1922 typographi

306 1938 521 2037 diligentius
536 1937 834 2036 descripsissem,
843 1933 949 2010 facile
957 1961 1209 2038 cognosceres
1216 1996 1226 2031 ,
1226 1938 1297 2040 pul·

305 2081 387 2128 sum
403 2056 573 2128 mulieris
587 2077 781 2150 magnum,
802 2053 960 2142 elatum,
980 2053 1148 2146 tardum,
1168 2060 1296 2128 interci·

305 2201 406 2265 sum,
425 2189 464 2245 et
478 2170 736 2244 intercalarem
751 2171 948 2242 habentem
960 2176 999 2242 in
1004 2171 1224 2269 pulsatione
1236 2196 1297 2244 um

308 2310 422 2392 atque
441 2277 563 2364 cltera
580 2295 902 2377 intermissionem,
925 2305 962 2362 et
984 2315 1067 2387 quae
1084 2289 1132 2363 de
1145 2303 1197 2364 'ea
1218 2287 1297 2362 refe·

308 2427 445 2484 runtur
462 2423 612 2495 caetera,
630 2407 661 2477 si
682 2403 778 2478 forte
796 2403 844 2476 ad
863 2404 1063 2502 pericardii
1078 2405 1297 2506 hydropem,

308 2544 346 2602 at
363 2544 463 2602 certe
479 2526 681 2624 adipsum,
699 2549 793 2614 non,
809 2537 852 2594 ut
867 2522 1161 2621 hicspectamus,
1178 2525 1295 2608 solum,

309 2644 375 2720 sed
385 2669 473 2716 cum
490 2643 569 2714 aliis
584 2643 828 2738 conjunctum
839 2640 982 2713 morbis
997 2642 1203 2716 attinuisse.
1213 2643 1299 2738 Ejus·¹

308 2761 413 2834 modi
422 2762 538 2860 igitur
546 2739 1054 2856 observationibus,quarum
1063 2779 1299 2857 magnussup

308 2892 455 2979 peteret
471 2901 669 2965 numerus,
687 2874 749 2946 hic
769 2877 1041 2972 praetermissis,
1062 2890 1169 2948 tanto
1190 2876 1300 2948 minus

309 2993 545 3068 attendendae
557 3006 645 3065 sunt
654 2987 737 3090 quae
745 3017 790 3064 ex
805 2991 998 3063 Zacutoab
1009 2992 1131 3067 doctis
1147 2992 1299 3090 alioquin

309 3114 399 3185 viris
414 3114 454 3183 in
473 3111 577 3182 hunc
596 3108 752 3180 modum
769 3107 1037 3207 proferuntur:
1061 3115 1228 3181 locutus
1236 3113 1299 3180 Lu·

310 3235 454 3302 sitacus
467 3244 522 3300 ter
536 3227 633 3300 vidit
646 3226 744 3298 hunc
752 3219 930 3318 affectum
943 3226 1165 3325 (pericardii
1174 3225 1301 3324 hydro·

310 3346 420 3445 pem)
438 3348 502 3417 ubi
516 3350 608 3442 oegri
617 3349 735 3414 animi
749 3342 935 3441 deliquio,
953 3343 1077 3420 cordis
1086 3342 1302 3443 palpitatio·

311 3487 374 3551 ne,
386 3462 501 3562 pulsu
523 3461 634 3548 duro,
654 3483 800 3558 parvo,
819 3458 926 3532 nulla
940 3460 1177 3558 praecedente
1198 3480 1300 3530 causa

351 3760 396 3839 (ι)
416 3762 455 3818 Ν.
468 3766 517 3828 cl.

352 3861 397 3940 (α)
417 3861 526 3918 Medic.
540 3862 618 3934 liat„
635 3870 658 3916 t.
675 3865 707 3930 l,
719 3877 751 3934 p.
766 3864 798 3930 4,
816 3877 841 3914 c.
854 3873 889 3933 9,
909 3858 973 3916 obs.
990 3866 1018 3926 4.

351 3962 396 4041 (3)
416 3962 541 4038 Ephem.
556 3963 576 4017 1.
595 3980 627 4034 1,
645 3956 1053 4036 an.157o,Constit.Hyem.
