2842 4672
326 357 374 428 80
489 377 537 426 ne
561 374 708 424 sentens
733 375 777 421 nr
802 371 925 422 oensis
951 373 1160 426 nonronuu

323 491 539 593 aperuisset.
561 493 656 560 Cum
675 488 754 559 hoec
773 486 1050 586 respondissem
1068 490 1107 560 in
1132 488 1331 588 gymnasio

322 635 401 708 quo
411 608 565 680 allatum
578 603 698 678 fiterat
707 607 816 703 pueri
830 620 959 702 caput3
973 607 1330 706 experiricontinuo

322 726 485 827 placuit,
502 748 595 794 num
608 747 667 792 me
686 722 903 818 conjectura
916 719 1115 794 fefellisset.

372 844 496 914 Facies
520 841 648 912 colore
673 835 886 911 etiamtum
905 863 1016 912 roseo
1034 839 1049 938 (
1068 851 1223 937 quartus
1241 853 1330 911 erat

279 1042 286 1067 Χ
324 975 414 1062 post
432 973 594 1030 mortem
611 955 716 1053 dies)
735 955 912 1053 pulchra,
933 981 1003 1028 nec
1014 957 1091 1029 ullo
1102 955 1217 1034 modo
1232 957 1331 1026 cica-

322 1079 480 1165 tricosa;
500 1090 541 1146 ut
560 1073 727 1173 proclive
744 1089 840 1146 esset
854 1075 1080 1173 intelligere,
1098 1073 1331 1145 variolarum

324 1197 402 1266 vim
425 1195 551 1264 minus
579 1190 668 1262 olim
692 1193 732 1261 in
757 1204 881 1262 cutem
910 1216 948 1265 se
974 1187 1158 1264 effudisse.
1190 1191 1330 1264 Cranio

326 1326 483 1410 aperto,
508 1308 760 1406 inspectisque
788 1308 1002 1382 lateralibus
1030 1309 1173 1382 sinibus
1199 1332 1331 1381 crassae

327 1428 515 1524 meningis
544 1426 723 1522 sanguine
752 1425 894 1522 plenis,
927 1425 1135 1524 eodemque
1167 1425 1331 1525 turgidis

328 1547 425 1619 vasis
446 1569 515 1644 per
540 1558 692 1615 tenuem
715 1540 1031 1635 discurrentibus,
1049 1545 1216 1642 primum
1240 1565 1330 1616 ven·

327 1662 454 1736 tricoli
479 1660 608 1733 dexter
633 1660 854 1758 sinisterque
877 1660 1012 1732 reclusi
1036 1676 1144 1750 sunt,
1173 1676 1211 1734 et
1229 1685 1330 1760 aqua

328 1780 371 1850 in
386 1778 452 1849 illo
467 1802 603 1878 pauca,
618 1775 658 1847 in
672 1777 747 1850 boc
763 1801 842 1848 non
859 1802 977 1875 pauca
990 1794 1138 1876 reperta
1155 1794 1232 1868 est;
1249 1805 1330 1874 ore·

323 1897 402 1986 do,
422 1897 509 1994 quia
527 1893 668 1967 doloris
692 1917 800 1967 causa
816 1896 856 1965 in
875 1895 1066 1968 sinistrum
1079 1895 1174 1969 latus
1188 1895 1329 1970 cubare

329 2014 630 2111 malebatqnam
646 2014 686 2082 in
704 2011 915 2103 dexterum3
932 2026 968 2085 et
989 2038 1094 2106 sane,
1119 2013 1328 2087 attollendo

332 2137 471 2212 sensim
481 2133 661 2207 callosum
672 2155 824 2229 corpus,
833 2133 953 2205 visum
968 2133 1047 2205 erat
1057 2147 1213 2235 ruptum
1227 2147 1330 2204 certo

331 2256 372 2325 in
395 2254 480 2324 loco
506 2266 653 2349 septum
682 2248 873 2340 lucidum3
894 2275 1109 2350 quanquam
1133 2276 1182 2322 eae
1204 2266 1329 2349 partes

309 2419 311 2424 ·
333 2366 480 2441 cerebri
500 2383 605 2439 erant
618 2367 820 2440 laxissimae.
838 2374 884 2441 At
902 2386 1000 2443 certe
1017 2372 1047 2443 is
1064 2369 1262 2443 decubitus
1278 2368 1331 2441 fa-

333 2485 503 2558 ciliorem
534 2486 740 2556 introrsum
776 2483 914 2560 fecerat
943 2483 1162 2562 effusionem
1197 2490 1331 2588 puris:

335 2599 461 2701 quod,
496 2601 693 2674 cerebrum
720 2628 808 2675 mox
838 2605 1073 2697 attollentes,
1101 2605 1265 2677 vidimus
1293 2605 1333 2674 in

334 2743 427 2792 cavo
445 2718 541 2791 sellae
555 2721 718 2817 equinae,
739 2737 775 2794 et
785 2723 898 2822 paulo
910 2738 995 2822 post
1004 2747 1089 2795 cum
1102 2720 1333 2796 cerebellum
1399 2761 1400 2764 π

334 2859 634 2926 removeremus,
657 2837 704 2909 ad
722 2836 916 2912 dexterum
936 2867 1090 2941 quoque
1106 2841 1221 2937 hujus
1238 2841 1334 2912 latus

335 2954 388 3026 sie
409 2969 452 3025 ut
470 2951 575 3052 puris
592 2953 735 3052 aliquid
749 2956 984 3031 descendisse
997 2958 1187 3030 videretur
1203 2958 1331 3030 adini·

336 3073 430 3144 tium
451 3071 603 3169 spinalis
615 3072 796 3145 medullae.
814 3075 946 3148 Aditus
964 3077 1069 3174 puris
1084 3077 1123 3146 in
1143 3079 1262 3168 cranii
1279 3103 1334 3152 ca·

335 3213 448 3279 vum,
467 3203 510 3260 ut
529 3189 705 3263 omnibus
727 3193 793 3288 qui
813 3192 988 3282 aderant,
1013 3195 1187 3293 praeclare
1209 3212 1335 3268 osten-

338 3306 479 3410 dimus,
504 3307 544 3376 in
572 3331 614 3380 ea
633 3304 731 3380 'facie
755 3323 834 3380 erat
858 3311 999 3407 petrosi
1019 3336 1216 3409 processus
1244 3315 1335 3388 ossis

336 3435 553 3520 temporum
573 3422 734 3514 dexteri,
754 3451 868 3524 quam
888 3426 1020 3501 faciem
1038 3455 1121 3501 cum
1142 3431 1203 3501 alii
1212 3448 1337 3529 poste·

338 3544 494 3626 riorem,
520 3539 581 3610 alii
606 3546 788 3639 internam
808 3559 845 3616 et
866 3548 1076 3638 inferiorem
1091 3548 1278 3638 vocitent,
1296 3563 1336 3622 tu

340 3656 449 3730 citius
467 3657 670 3757 intelliges,
684 3675 730 3731 ut
749 3662 906 3760 opinor,
922 3665 952 3735 si
969 3689 1050 3735 eam
1064 3662 1194 3736 faciem
1208 3665 1337 3738 dixero

339 3795 415 3871 qua
441 3776 582 3872 petrosi
602 3799 800 3872 processus
826 3779 976 3869 dexter,
995 3796 1031 3852 et
1050 3781 1198 3853 sinister
1222 3785 1339 3881 respi-

341 3889 447 3961 ciunt
465 3892 564 3964 inter
583 3915 632 3963 se.
652 3897 698 3963 In
715 3918 758 3966 ea
776 3895 878 3968 enim
905 3894 997 3971 facie
1021 3897 1069 3990 ad
1087 3897 1195 3972 illum
1215 3901 1338 3998 ipsum
