2842 4672
249 477 271 566 d
413 489 462 548 br
488 487 633 546 sentens
658 491 703 541 nr
728 491 852 542 onnus
877 493 1086 548 nonnonuu

247 609 393 686 febrem
410 610 543 682 incidit
561 629 643 706 quae
661 631 794 680 omnes
813 610 1091 707 propemodum
1106 617 1260 714 arripie-

245 729 312 804 bat
329 728 504 827 januario
519 748 647 796 mense
670 728 760 796 anni
780 726 890 824 1730,
909 727 975 800 sed
999 752 1086 800 cum
1105 729 1175 802 sibi
1191 737 1257 803 mi-

246 873 320 921 nus
341 858 488 920 caveret
503 865 618 944 quam
637 844 777 932 caeteri,
797 844 897 915 inter
920 869 1060 942 paucos
1080 848 1165 921 illos
1188 847 1259 923 fuit

247 968 370 1067 quiea
385 962 570 1060 correpti,
591 955 781 1032 interiere
791 963 887 1032 Nam
902 985 944 1033 ea
961 979 1073 1036 nocte
1084 989 1166 1064 quae
1183 965 1260 1038 diei

246 1080 481 1158 successitXI
494 1077 566 1148 kal.
582 1076 761 1150 februarii
776 1133 785 1167 ‚
801 1079 867 1151 illo
884 1105 922 1152 se
942 1081 1078 1155 morbo
1095 1084 1258 1182 prehen-

247 1225 328 1274 sum
344 1195 574 1296 perceperat.
586 1197 753 1268 Surrexit
764 1211 891 1270 tamen
905 1200 1106 1297 postridie,
1123 1217 1165 1273 nt
1180 1216 1259 1274 erat
1279 1221 1280 1224 ’

243 1339 383 1413 magno
398 1315 545 1402 animo,
563 1337 677 1411 seque
702 1317 797 1386 aeris
813 1315 961 1412 injuriis
978 1319 1149 1416 exposuit
1175 1332 1258 1390 tum

242 1433 390 1535 publici
409 1429 525 1505 officii
545 1455 654 1502 causa
665 1447 873 1529 permotus,
892 1448 973 1505 tum
987 1435 1131 1509 viribus
1145 1435 1260 1508 confi-

149 1637 153 1650 ,
243 1576 323 1636 sus,
337 1576 443 1650 quae,
458 1564 500 1622 ut
515 1549 686 1647 corporis
704 1550 810 1621 color
825 1551 1040 1641 ethabitus‚
1054 1569 1259 1652 postquam

245 1684 333 1741 ante
349 1669 446 1740 duos
460 1665 771 1756 mensesabrevi‚
789 1667 854 1740 sed
867 1670 1260 1768 gravissimafebre(1)

245 1785 506 1873 convaluerat,
533 1784 592 1856 vel
620 1783 796 1858 meliores
815 1810 931 1885 quam
947 1787 1129 1885 pristinae,
1156 1786 1259 1859 factae

244 1929 325 1977 esse
339 1901 577 1974 videbantur.
594 1903 696 1992 Quin
711 1918 748 1974 et
761 1903 820 1975 die
837 1906 1011 2002 proximo
1030 1909 1209 1997 surrexit,
1222 1923 1260 1980 et

240 2044 393 2095 sacrum
419 2015 525 2108 fecit;
552 2017 617 2090 sed
644 2019 781 2091 morbo
798 2022 941 2093 interea
958 2022 1259 2121 ingravescente,

245 2137 476 2212 decumbere
494 2136 628 2210 eodem
646 2135 728 2226 die,
749 2154 785 2209 et
799 2138 966 2212 medicos
983 2155 1076 2212 tuuc
1091 2141 1258 2238 primum

239 2281 431 2330 varcessere
450 2269 603 2326 coactus
616 2270 681 2327 est.
693 2259 835 2326 Verum
848 2255 894 2326 de
905 2255 1025 2327 tribus
1036 2257 1150 2355 quiin
1163 2260 1260 2355 prio

242 2399 285 2448 re
298 2375 359 2444 illa
373 2371 476 2444 febre
494 2370 721 2444 affueramus
734 2426 743 2460 ,
755 2359 1001 2446 Vallisnerins
1019 2387 1162 2473 septem
1173 2389 1260 2449 ante
1305 2397 1307 2400 ·

241 2491 381 2565 diebus
400 2490 564 2578 obierat;
591 2514 681 2587 ego,
704 2504 741 2560 et
763 2488 933 2561 medicus
951 2491 1032 2586 ejus
1047 2491 1261 2566 ordinarius

247 2637 293 2686 ex
314 2609 509 2681 communi
527 2605 664 2677 morbo
687 2605 810 2678 adhuc
838 2607 1131 2706 languebamus:
1155 2611 1260 2709 quod

236 2727 295 2801 ³eo
315 2727 458 2800 dietum
475 2741 585 2824 puta,
602 2750 651 2796 ne
669 2724 836 2813 mireris,
861 2727 891 2797 si
920 2724 1090 2823 quaedam
1108 2727 1155 2798 ad
1173 2728 1261 2826 aegri
1352 2791 1356 2800 .

244 2842 493 2916 incommoda
517 2857 554 2914 et
571 2857 755 2928 mortem,
771 2844 898 2914 omnia
911 2858 1035 2915 autem
1059 2843 1106 2916 ad
1120 2847 1262 2917 mortui

247 2965 455 3036 sectionem
476 2960 672 3038 attinentia
690 2985 735 3031 ex
749 2961 850 3052 aliis,
864 2960 995 3060 dignis
1014 2985 1101 3043 sane
1122 2963 1261 3062 quibus

235 3078 463 3165 crederem,
495 3076 694 3175 diligenter
718 3078 958 3177 interrogatis
985 3083 1171 3179 accepisse
1198 3108 1260 3155 me

243 3197 387 3268 dixero.
402 3197 474 3266 Vix
486 3195 587 3266 enim
599 3220 686 3266 cum
700 3197 815 3269 semel
826 3199 1002 3286 ‚iterum‚
1016 3200 1128 3270 tertio
1146 3202 1258 3272 ctiam

232 3329 361 3411 'atque
374 3314 487 3398 ctiam
502 3310 723 3401 advocarer,
733 3314 861 3387 videre
876 3314 934 3388 bis
948 3318 1075 3414 potui,
1088 3341 1167 3388 non
1179 3318 1260 3389 sine

135 3489 137 3494 ,
244 3429 376 3527 aliquo
394 3454 480 3501 meo
500 3430 670 3528 periculo
688 3430 736 3502 ad
763 3433 889 3504 virum
909 3436 1200 3533 amplissimum,
1223 3449 1261 3506 et

244 3546 478 3620 deomnibus
493 3549 640 3646 egregie
650 3550 848 3642 meritum,
861 3566 991 3623 vectus
1001 3551 1165 3649 primum
1173 3555 1259 3623 VIII

244 3662 471 3738 kal.·deinde
483 3668 574 3754 VII,
591 3680 628 3739 et
640 3668 764 3765 prima
782 3668 936 3766 quidem
952 3692 997 3738 ex
1014 3691 1092 3765 quo
1110 3666 1275 3774 decum-¹

280 4019 327 4102 (ι)
348 4023 418 4084 vit.
433 4024 531 4104 Epist.
548 4029 600 4101 49,
614 4045 645 4083 ιι.
664 4026 712 4084 30.
