2812 4660
350 315 356 352 l

144 473 209 520 nm.
238 471 277 520 rr.
306 471 353 518 un
378 467 515 518 aroums
540 467 867 532 monaciscum.
895 471 997 517 xvm.
1027 447 1105 519 381*

99 579 318 682 portuniorl
338 589 400 655 Est
417 607 527 669 ver0,
550 583 579 653 si
594 606 703 679 pares
718 605 834 654 causae
848 636 857 671 ,
873 599 910 656 et
929 583 976 655 ad
991 609 1096 655 eum·

100 701 179 774 dem
198 701 354 772 modum
370 701 580 799 applicatae,
593 701 629 768 vi
641 701 721 797 pari
734 698 781 769 ad
798 699 1096 771 ventriculorum

101 819 352 890 dilatationem
366 819 543 888 nitantur.
564 814 635 885 Sed
646 814 692 886 de
708 839 747 886 re
759 817 797 885 in
816 815 918 886 hunc
938 816 1096 888 modum

98 937 288 1034 proposita
305 935 472 1040 'minime
502 932 563 1004 hic
593 934 762 1002 instituta
792 947 847 1004 est
879 932 1093 1031 disputatio.

96 1055 220 1149 Itaque
239 1075 326 1122 cum
344 1049 391 1120 ad
409 1048 640 1122 emissarium
661 1049 798 1120 sinistri
810 1049 1007 1121 ventriculi
1024 1050 1095 1122 ob-

99 1170 279 1240 staculum
299 1183 370 1257 est,
391 1191 516 1264 neque
533 1166 594 1236 hic
610 1181 752 1254 tamen,
771 1166 834 1239 sed
853 1167 1002 1255 dexter,
1031 1185 1095 1241 aut

99 1287 126 1356 si
143 1303 324 1383 uterque,
352 1284 482 1355 dexter
505 1284 621 1381 magis
647 1299 701 1358 est
726 1283 920 1374 dilatatus3
945 1285 1095 1358 videtur

98 1404 211 1500 majus
229 1402 384 1501 quidem
401 1402 521 1474 robur
533 1425 646 1499 quam
661 1402 793 1488 soleat,
810 1401 986 1499 obtigisse
1001 1429 1094 1476 ven-

98 1520 229 1592 triculo
245 1521 414 1609 sinistro,
434 1520 559 1591 minus
571 1533 696 1588 autem
709 1516 879 1604 dextere,
899 1522 974 1590 sive
984 1521 1094 1594 hoca

97 1637 328 1734 primordiis,
349 1638 425 1709 sive
438 1651 568 1734 postea
585 1658 824 1730 quacumque
840 1633 887 1704 de
906 1660 1016 1708 causa
1035 1663 1093 1710 ac·

99 1753 245 1844 ciderit,
264 1754 367 1825 velut
386 1755 425 1823 in
446 1776 491 1823 eo
509 1751 676 1838 homine,
692 1750 800 1844 cujus
811 1749 946 1840 morbi,
964 1767 1001 1823 et
1020 1754 1093 1825 dis·

98 1875 270 1945 sectionis
280 1871 432 1943 brevem
450 1869 644 1940 historiam
657 1867 748 1938 olim
763 1891 911 1942 mecum
925 1893 1096 1942 commu-

99 1990 231 2062 nicavit
249 1991 308 2061 vir
321 2013 399 2060 non
414 1988 541 2058 minus
560 1984 811 2073 humanitate,
829 2010 940 2081 quam
955 1985 1095 2058 doctri-

99 2131 143 2177 na
167 2123 205 2180 et
221 2109 376 2194 virtute,
396 2104 456 2176 vel
473 2128 518 2175 eo
537 2117 724 2200 tempore,
741 2103 780 2171 in
803 2103 933 2199 primis
953 2118 1094 2201 specta·
1201 2173 1209 2196 s

98 2236 173 2312 tus,
195 2247 321 2318 nuper
340 2235 465 2292 autem
485 2244 622 2316 magno
642 2219 777 2289 merito
799 2241 868 2288 suo
882 2217 1095 2291 Archiatro·

97 2363 179 2410 rum
198 2336 368 2409 Pontific.
390 2342 525 2410 Comes
541 2339 689 2409 Marcus
704 2335 890 2408 Antonius
904 2339 1093 2411 Laurenti.

97 2455 151 2528 Sic
168 2471 297 2528 autem
315 2454 447 2526 aiebat.
925 2447 928 2450 ¹
971 2463 974 2468 ’

144 2573 177 2644 6.
190 2557 352 2662 Quidam
362 2569 570 2659 affectione,
589 2571 729 2643 incubo
745 2571 868 2660 simili,
881 2595 975 2670 saepe
986 2597 1095 2648 vexa-

99 2701 169 2780 tus,
183 2691 350 2788 itemque
360 2687 503 2761 difficili
521 2690 784 2787 respiratione,
803 2689 850 2760 ad
865 2715 979 2788 quam
990 2717 1028 2764 se
1040 2692 1095 2765 le-

99 2805 150 2876 vis
167 2803 282 2877 febris
299 2807 534 2903 adjunxerat,
559 2805 725 2879 detracto
752 2809 932 2904 sanguine
957 2835 1094 2882 conva-

100 2919 233 2995 lescere
253 2922 369 2996 ferme
379 2949 424 2995 ex
432 2939 512 2995 toto
526 2925 626 2996 visus
641 2939 705 2996 est.
720 2923 791 2994 Sed
808 2925 1094 3000 recrudescente

100 3039 248 3130 morb0,
265 3041 424 3128 interiit,
442 3038 533 3110 facie
557 3039 731 3137 colloque
753 3040 965 3112 liventibus.
996 3043 1095 3113 Tho-

101 3156 361 3245 racereclu‘so,
381 3169 418 3227 et
429 3179 526 3253 aqua
543 3157 582 3225 in
597 3181 642 3226 eo
657 3155 933 3244 animadversa,
949 3159 1094 3255 magni-

98 3255 192 3342 tudo
208 3274 333 3346 cordis
347 3274 513 3345 occurrit
529 3286 647 3359 tanta,
663 3287 802 3369 quanta
815 3297 1012 3370 nunquam
1027 3300 1094 3347 an-

104 3399 171 3476 tea,
203 3391 252 3462 ob
279 3415 461 3464 summam
487 3392 691 3488 praesertim
709 3393 909 3462 ventriculi
930 3391 1094 3485 dexteri,

104 3523 322 3603 annexaeque
338 3495 511 3578 auriculae
523 3507 789 3579 dilatationem.
808 3510 951 3581 Arteria
969 3529 1095 3584 autem
1162 3499 1163 3504 ἵ

104 3637 232 3716 magna
248 3639 326 3696 erat
343 3647 463 3722 prope
478 3647 544 3696 cor
567 3624 614 3694 ad
630 3626 763 3696 miram
778 3629 988 3726 angustiam
1005 3654 1095 3702 con·

105 3745 226 3810 tracta.

149 3875 180 3947 7.
206 3859 268 3926 Est
283 3857 393 3928 etiam
410 3856 613 3956 aliquando
625 3882 712 3929 cum
725 3853 864 3930 sinistri
878 3861 1096 3952 ventriculi,
1157 3855 1161 3864 ’

108 3967 166 4039 sed
176 3972 284 4046 simul
297 3975 472 4048 auriculae
492 3975 651 4050 dexterae
665 3974 830 4048 dilatatio
840 3977 1098 4069 invenitur,ut
