2812 4660
149 443 218 492 mn.
246 442 287 492 ιι.
315 443 361 490 ur
386 441 876 511 noaa1sruonec1s,rrrsr.
902 451 1005 501 xvm.
1032 429 1100 528 371

101 669 1106 708 mmmmwwummumwmmuwwmmmm

150 855 384 932 EPISTOLA
407 857 905 976 ANATOMIt'o-Mtutcl
928 865 1057 940 XVIII.
1083 927 1088 934 .

100 1085 322 1166 Absolvitur
338 1114 457 1162 sermo
477 1089 525 1162 de
542 1095 787 1188 respiratione
809 1091 899 1166 lcesa
919 1122 945 1167 a
966 1098 1105 1190 cordis,

155 1219 380 1304 out'magnre
392 1212 541 1282 arteriae
553 1213 651 1278 intra
667 1207 857 1284 thoracem
867 1235 1108 1310 aneurysma·

155 1323 261 1394 tibus.

105 1547 253 1678 Mus
270 1626 423 1702 quoque
435 1597 562 1699 accipe
579 1605 1014 1700 aneurysmatumintimi
1027 1607 1110 1685 tho·

106 1719 206 1793 racis
222 1717 645 1794 observationeseodem
655 1717 789 1790 ordine
804 1717 978 1816 digestas,
996 1747 1111 1818 quem

105 1836 302 1934 superiore
328 1836 485 1936 epistola
513 1835 552 1905 in
580 1834 757 1907 Valsalvae
785 1835 1112 1914 observationibus

103 1967 257 2028 secutus
276 1978 358 2026 sum
373 2007 383 2040 ,
400 1967 444 2026 ut
463 1953 539 2026 sive
551 1951 615 2022 illa
628 1953 668 2021 in
687 1951 819 2040 corde,
837 1955 912 2024 slve
924 1955 964 2024 in
976 1979 1112 2054 magna

102 2069 261 2157 arteria,
281 2070 357 2142 sive
373 2067 524 2142 demum
539 2067 745 2166 utrobique
761 2067 888 2140 sedem
904 2068 1108 2166 haberent,

100 2185 193 2260 inde
210 2186 351 2284 pariter
365 2183 551 2281 intelligas
565 2180 778 2274 laesionem,
793 2183 839 2259 de
859 2209 936 2282 qua
952 2187 1109 2284 agimus,

104 2301 366 2401 respirationis
384 2301 556 2372 extitisse.

159 2447 191 2492 n.
208 2422 322 2490 Sutor
336 2441 457 2490 annos
476 2432 585 2489 natus
602 2417 755 2516 triginta
771 2433 865 2508 tres,
883 2419 1072 2494 obnoxius
1089 2447 1111 2496 a

101 2536 237 2637 paucis
252 2537 359 2610 annis
374 2533 541 2634 spirandi
556 2529 783 2624 difficultati,
804 2561 887 2634 qnae
901 2537 962 2613 vel
977 2537 1109 2613 seden-

106 2670 206 2741 tem,
225 2666 268 2724 ut
285 2667 431 2726 sutores
447 2652 589 2736 solent,
607 2652 789 2742 vexabat,
806 2669 842 2726 et
860 2654 1006 2729 levibus
1023 2659 1109 2754 qui-

104 2769 268 2842 busdam
280 2771 394 2842 animi
404 2767 696 2858 defectionibus,
712 2771 824 2870 pulsu
838 2785 927 2844 tunc
942 2773 1109 2870 quidem,

107 2888 269 2964 sednon
287 2901 436 2985 postea,
454 2887 645 2984 inaequali,
659 2887 861 2984 aliquando
877 2889 986 2961 etiam
998 2892 1111 2960 verti·-

108 3003 279 3105 ginibus,
295 3001 374 3076 >sed
389 3004 433 3075 iis
456 3028 539 3100 quae
559 3003 635 3076 dixi
655 3005 907 3100 potissimum,
927 3019 968 3076 ut
996 3003 1044 3076 ab
1064 3031 1111 3080 eo

107 3123 238 3221 accepi
253 3122 319 3219 qui
335 3135 421 3194 ante
438 3145 581 3194 annum
605 3121 676 3217 ipsi
701 3118 822 3192 fuerat
838 3119 1029 3212 medicus;
1050 3121 1112 3192 de·

107 3242 228 3336 nique
245 3241 345 3312 circe
369 3237 536 3312 medium
552 3237 767 3333 januarium
785 3239 876 3308 anni
896 3237 987 3335 1739
1001 3253 1127 3318 mane¹

108 3382 199 3433 cum
215 3356 253 3426 in
269 3357 529 3430 nosocomium
547 3353 732 3426 scalarum
744 3353 940 3452 gradibus,
956 3356 1023 3452 qui
1033 3356 1114 3458 plue

110 3475 198 3547 rimi
213 3488 321 3561 sunt,
344 3498 411 3572 per
430 3497 468 3544 se
485 3470 731 3559 ascendisset,
755 3468 972 3570 lectuloque
989 3475 1113 3548 statim

111 3606 294 3690 exceptus
314 3605 428 3675 esset,
446 3588 616 3662 dolorem
630 3589 677 3661 ad
693 3588 985 3688 diaphragmatis
996 3593 1115 3688 regio·

112 3733 203 3782 nem
229 3732 342 3786 manu
368 3722 405 3780 et
422 3704 547 3778 verbis
568 3705 781 3793 indicabat,
806 3707 1010 3794 tundebat,
1028 3707 1114 3803 pul-

60 3833 63 3846 ’
112 3850 177 3903 sus
192 3823 412 3922 languidos,
435 3837 472 3898 et
494 3822 669 3898 nonnihil
693 3821 910 3922 frequentes
933 3823 1115 3922 habebat,

113 3941 181 4018 sed
196 3942 265 4040 qui
278 3966 401 4040 neque
417 3938 733 4033 intermitterent,
754 3967 880 4042 neque
899 3939 979 4012 ullo
1001 3938 1116 4016 modo

926 4061 989 4148 24*
