<?xml version="1.0" encoding="UTF-8"?>
<!DOCTYPE html PUBLIC "-//W3C//DTD XHTML 1.0 Transitional//EN"
    "http://www.w3.org/TR/xhtml1/DTD/xhtml1-transitional.dtd">
<html xmlns="http://www.w3.org/1999/xhtml" xml:lang="en" lang="en">
 <head>
  <title>
</title>
<meta http-equiv="Content-Type" content="text/html;charset=utf-8" />
  <meta name='ocr-system' content='tesseract 3.04.00' />
  <meta name='ocr-capabilities' content='ocr_page ocr_carea ocr_par ocr_line ocrx_word'/>
</head>
<body>
  <div class='ocr_page' id='page_1' title='image "./desedibusetcaus00chaugoog_0565.png"; bbox 0 0 2832 4662; ppageno 0'>
   <div class='ocr_carea' id='block_1_1' title="bbox 322 443 1156 543">
    <p class='ocr_par' dir='ltr' id='par_1_1' title="bbox 322 443 1156 543">
     <span class='ocr_line' id='line_1_1' title="bbox 322 443 1156 543; baseline 0.004 -28"><span class='ocrx_word' id='word_1_1' title='bbox 322 443 392 543; x_wconf 77' lang='lat'><strong>578</strong></span> <span class='ocrx_word' id='word_1_2' title='bbox 486 465 532 510; x_wconf 82' lang='lat' dir='ltr'><strong>nn</strong></span> <span class='ocrx_word' id='word_1_3' title='bbox 557 461 703 512; x_wconf 73' lang='lat' dir='ltr'><strong>sumnus</strong></span> <span class='ocrx_word' id='word_1_4' title='bbox 723 457 771 508; x_wconf 77' lang='lat' dir='ltr'><strong>rr</strong></span> <span class='ocrx_word' id='word_1_5' title='bbox 795 459 919 512; x_wconf 73' lang='lat' dir='ltr'><strong>cauare</strong></span> <span class='ocrx_word' id='word_1_6' title='bbox 945 462 1156 520; x_wconf 77' lang='lat' dir='ltr'><strong>uoneonuu</strong></span> 
     </span>
    </p>
   </div>
   <div class='ocr_carea' id='block_1_2' title="bbox 217 573 1415 3744">
    <p class='ocr_par' dir='ltr' id='par_1_2' title="bbox 279 573 1323 1364">
     <span class='ocr_line' id='line_1_2' title="bbox 312 573 1323 688; baseline -0.006 -32"><span class='ocrx_word' id='word_1_7' title='bbox 312 583 394 656; x_wconf 90' lang='lat' dir='ltr'><strong>-duo</strong></span> <span class='ocrx_word' id='word_1_8' title='bbox 411 595 542 679; x_wconf 87' lang='lat' dir='ltr'><strong>postea</strong></span> <span class='ocrx_word' id='word_1_9' title='bbox 553 579 724 678; x_wconf 82' lang='lat' dir='ltr'><strong>graviora</strong></span> <span class='ocrx_word' id='word_1_10' title='bbox 734 590 822 652; x_wconf 86' lang='lat' dir='ltr'><strong>sunt</strong></span> <span class='ocrx_word' id='word_1_11' title='bbox 838 573 935 650; x_wconf 82' lang='lat' dir='ltr'><strong>faeta</strong></span> <span class='ocrx_word' id='word_1_12' title='bbox 949 605 959 648; x_wconf 89' lang='lat'><strong>:</strong></span> <span class='ocrx_word' id='word_1_13' title='bbox 975 580 1166 684; x_wconf 68' lang='lat' dir='ltr'><strong>umulque</strong></span> <span class='ocrx_word' id='word_1_14' title='bbox 1179 594 1323 688; x_wconf 74' lang='lat' dir='ltr'><strong>sangui.</strong></span> 
     </span>
     <span class='ocr_line' id='line_1_3' title="bbox 279 695 1320 799; baseline 0 -27"><span class='ocrx_word' id='word_1_15' title='bbox 279 745 280 748; x_wconf 60' lang='lat'><em>=</em></span> <span class='ocrx_word' id='word_1_16' title='bbox 315 725 388 772; x_wconf 86' lang='lat' dir='ltr'><strong>nea</strong></span> <span class='ocrx_word' id='word_1_17' title='bbox 413 697 721 784; x_wconf 85' lang='lat' dir='ltr'><strong>exscreabantur‚</strong></span> <span class='ocrx_word' id='word_1_18' title='bbox 751 709 788 766; x_wconf 87' lang='lat' dir='ltr'><strong>et</strong></span> <span class='ocrx_word' id='word_1_19' title='bbox 816 695 1005 771; x_wconf 79' lang='lat' dir='ltr'>subrubra</span> <span class='ocrx_word' id='word_1_20' title='bbox 1036 699 1320 799; x_wconf 74' lang='lat' dir='ltr'><strong>dejiciebantur,</strong></span> 
     </span>
     <span class='ocr_line' id='line_1_4' title="bbox 313 814 1323 925; baseline 0.011 -35"><span class='ocrx_word' id='word_1_21' title='bbox 313 818 476 890; x_wconf 77' lang='lat' dir='ltr'>Accessit</span> <span class='ocrx_word' id='word_1_22' title='bbox 493 816 688 902; x_wconf 86' lang='lat' dir='ltr'><strong>delirium,</strong></span> <span class='ocrx_word' id='word_1_23' title='bbox 707 828 746 883; x_wconf 90' lang='lat' dir='ltr'><strong>et</strong></span> <span class='ocrx_word' id='word_1_24' title='bbox 758 814 974 902; x_wconf 82' lang='lat' dir='ltr'><strong>convulsio,</strong></span> <span class='ocrx_word' id='word_1_25' title='bbox 993 833 1036 890; x_wconf 91' lang='lat' dir='ltr'><strong>ut</strong></span> <span class='ocrx_word' id='word_1_26' title='bbox 1055 845 1172 898; x_wconf 85' lang='lat' dir='ltr'><strong>omne</strong></span> <span class='ocrx_word' id='word_1_27' title='bbox 1186 849 1323 925; x_wconf 84' lang='lat' dir='ltr'><strong>corpus</strong></span> 
     </span>
     <span class='ocr_line' id='line_1_5' title="bbox 313 932 1322 1036; baseline 0.005 -29"><span class='ocrx_word' id='word_1_28' title='bbox 313 937 421 1034; x_wconf 89' lang='lat' dir='ltr'><strong>quasi</strong></span> <span class='ocrx_word' id='word_1_29' title='bbox 440 932 639 1005; x_wconf 89' lang='lat' dir='ltr'><strong>immobile·</strong></span> <span class='ocrx_word' id='word_1_30' title='bbox 659 946 872 1002; x_wconf 74' lang='lat' dir='ltr'><strong>remaneret</strong></span> <span class='ocrx_word' id='word_1_31' title='bbox 894 958 902 1000; x_wconf 78' lang='grc' dir='ltr'><strong><em>ε</em></strong></span> <span class='ocrx_word' id='word_1_32' title='bbox 931 938 1209 1036; x_wconf 46' lang='lat' dir='ltr'><strong>incessendum</strong></span> <span class='ocrx_word' id='word_1_33' title='bbox 1229 944 1322 1018; x_wconf 83' lang='lat' dir='ltr'><strong>circa</strong></span> 
     </span>
     <span class='ocr_line' id='line_1_6' title="bbox 313 1047 1320 1159; baseline 0.005 -32"><span class='ocrx_word' id='word_1_34' title='bbox 313 1056 500 1128; x_wconf 89' lang='lat' dir='ltr'><strong>decimum</strong></span> <span class='ocrx_word' id='word_1_35' title='bbox 518 1077 539 1123; x_wconf 87' lang='lat' dir='ltr'><strong>a</strong></span> <span class='ocrx_word' id='word_1_36' title='bbox 557 1073 646 1123; x_wconf 89' lang='lat' dir='ltr'><strong>casu</strong></span> <span class='ocrx_word' id='word_1_37' title='bbox 664 1047 765 1122; x_wconf 88' lang='lat' dir='ltr'><strong>diem</strong></span> <span class='ocrx_word' id='word_1_38' title='bbox 782 1076 791 1117; x_wconf 76' lang='grc' dir='ltr'>ε</span> <span class='ocrx_word' id='word_1_39' title='bbox 808 1073 885 1146; x_wconf 89' lang='lat' dir='ltr'><strong>quo</strong></span> <span class='ocrx_word' id='word_1_40' title='bbox 904 1065 987 1122; x_wconf 84' lang='lat' dir='ltr'><strong>toto</strong></span> <span class='ocrx_word' id='word_1_41' title='bbox 1002 1059 1186 1154; x_wconf 84' lang='lat' dir='ltr'><strong>temporis</strong></span> <span class='ocrx_word' id='word_1_42' title='bbox 1203 1064 1320 1159; x_wconf 65' lang='lat' dir='ltr'><strong>spatio</strong></span> 
     </span>
     <span class='ocr_line' id='line_1_7' title="bbox 312 1167 1321 1270; baseline 0.008 -25"><span class='ocrx_word' id='word_1_43' title='bbox 312 1197 509 1270; x_wconf 88' lang='lat' dir='ltr'><strong>nunquam</strong></span> <span class='ocrx_word' id='word_1_44' title='bbox 524 1193 620 1267; x_wconf 84' lang='lat' dir='ltr'><strong>aeger</strong></span> <span class='ocrx_word' id='word_1_45' title='bbox 633 1167 783 1238; x_wconf 86' lang='lat' dir='ltr'><strong>flectere</strong></span> <span class='ocrx_word' id='word_1_46' title='bbox 794 1167 952 1240; x_wconf 88' lang='lat' dir='ltr'><strong>dorsum</strong></span> <span class='ocrx_word' id='word_1_47' title='bbox 962 1173 1102 1268; x_wconf 84' lang='lat' dir='ltr'><strong>potuit,</strong></span> <span class='ocrx_word' id='word_1_48' title='bbox 1113 1175 1321 1252; x_wconf 18' lang='lat' dir='ltr'><strong>sedrextcna</strong></span> 
     </span>
     <span class='ocr_line' id='line_1_8' title="bbox 311 1282 830 1364; baseline -0.015 0"><span class='ocrx_word' id='word_1_49' title='bbox 311 1316 394 1364; x_wconf 88' lang='lat' dir='ltr'><strong>sum</strong></span> <span class='ocrx_word' id='word_1_50' title='bbox 414 1312 561 1362; x_wconf 87' lang='lat' dir='ltr'><strong>servare</strong></span> <span class='ocrx_word' id='word_1_51' title='bbox 582 1299 734 1358; x_wconf 81' lang='lat' dir='ltr'><strong>coactus</strong></span> <span class='ocrx_word' id='word_1_52' title='bbox 749 1282 830 1356; x_wconf 85' lang='lat' dir='ltr'><strong>fuit.</strong></span> 
     </span>
    </p>

    <p class='ocr_par' dir='ltr' id='par_1_3' title="bbox 217 1404 1318 2428">
     <span class='ocr_line' id='line_1_9' title="bbox 357 1404 1318 1500; baseline 0.004 -20"><span class='ocrx_word' id='word_1_53' title='bbox 357 1407 545 1480; x_wconf 85' lang='lat' dir='ltr'><strong>Cadavere</strong></span> <span class='ocrx_word' id='word_1_54' title='bbox 564 1404 744 1491; x_wconf 88' lang='lat' dir='ltr'><strong>dissecto,</strong></span> <span class='ocrx_word' id='word_1_55' title='bbox 766 1427 847 1474; x_wconf 87' lang='lat' dir='ltr'><strong>non</strong></span> <span class='ocrx_word' id='word_1_56' title='bbox 865 1404 986 1500; x_wconf 82' lang='lat' dir='ltr'><strong>major</strong></span> <span class='ocrx_word' id='word_1_57' title='bbox 1014 1429 1035 1478; x_wconf 84' lang='lat' dir='ltr'><strong>a</strong></span> <span class='ocrx_word' id='word_1_58' title='bbox 1054 1404 1152 1482; x_wconf 80' lang='lat' dir='ltr'><strong>facie.</strong></span> <span class='ocrx_word' id='word_1_59' title='bbox 1168 1413 1318 1492; x_wconf 78' lang='lat' dir='ltr'><strong>interna</strong></span> 
     </span>
     <span class='ocr_line' id='line_1_10' title="bbox 309 1521 1317 1626; baseline 0.004 -28"><span class='ocrx_word' id='word_1_60' title='bbox 309 1528 405 1600; x_wconf 86' lang='lat' dir='ltr'><strong>circa</strong></span> <span class='ocrx_word' id='word_1_61' title='bbox 425 1526 567 1600; x_wconf 85' lang='lat' dir='ltr'><strong>allisam</strong></span> <span class='ocrx_word' id='word_1_62' title='bbox 588 1539 733 1622; x_wconf 88' lang='lat' dir='ltr'><strong>partem</strong></span> <span class='ocrx_word' id='word_1_63' title='bbox 753 1521 853 1597; x_wconf 80' lang='lat' dir='ltr'><strong>laesio</strong></span> <span class='ocrx_word' id='word_1_64' title='bbox 869 1523 1022 1596; x_wconf 85' lang='lat' dir='ltr'><strong>inventa</strong></span> <span class='ocrx_word' id='word_1_65' title='bbox 1038 1540 1113 1614; x_wconf 82' lang='lat' dir='ltr'><strong>est,</strong></span> <span class='ocrx_word' id='word_1_66' title='bbox 1135 1553 1258 1626; x_wconf 84' lang='lat' dir='ltr'><strong>quam</strong></span> <span class='ocrx_word' id='word_1_67' title='bbox 1272 1532 1317 1606; x_wconf 77' lang='lat' dir='ltr'><strong>ab</strong></span> 
     </span>
     <span class='ocr_line' id='line_1_11' title="bbox 307 1638 1317 1741; baseline 0.004 -23"><span class='ocrx_word' id='word_1_68' title='bbox 307 1662 459 1718; x_wconf 84' lang='lat' dir='ltr'><strong>externa</strong></span> <span class='ocrx_word' id='word_1_69' title='bbox 482 1644 774 1741; x_wconf 83' lang='lat' dir='ltr'><strong>conspiceretur.</strong></span> <span class='ocrx_word' id='word_1_70' title='bbox 808 1641 910 1712; x_wconf 87' lang='lat' dir='ltr'><strong>Num</strong></span> <span class='ocrx_word' id='word_1_71' title='bbox 930 1638 1025 1714; x_wconf 81' lang='lat' dir='ltr'><strong>forte</strong></span> <span class='ocrx_word' id='word_1_72' title='bbox 1054 1643 1159 1720; x_wconf 69' lang='lat' dir='ltr'><strong>lesio.</strong></span> <span class='ocrx_word' id='word_1_73' title='bbox 1172 1663 1257 1724; x_wconf 91' lang='lat' dir='ltr'><strong>erat</strong></span> <span class='ocrx_word' id='word_1_74' title='bbox 1274 1649 1317 1724; x_wconf 83' lang='lat' dir='ltr'><strong>ad</strong></span> 
     </span>
     <span class='ocr_line' id='line_1_12' title="bbox 306 1751 1316 1850; baseline -0.014 -14"><span class='ocrx_word' id='word_1_75' title='bbox 306 1762 527 1850; x_wconf 79' lang='lat' dir='ltr'><strong>medullam,</strong></span> <span class='ocrx_word' id='word_1_76' title='bbox 549 1773 746 1832; x_wconf 84' lang='lat' dir='ltr'><strong>‘nervosve</strong></span> <span class='ocrx_word' id='word_1_77' title='bbox 770 1761 810 1829; x_wconf 93' lang='lat' dir='ltr'><strong>in</strong></span> <span class='ocrx_word' id='word_1_78' title='bbox 835 1759 1093 1832; x_wconf 81' lang='lat' dir='ltr'><strong>vertebrarum</strong></span> <span class='ocrx_word' id='word_1_79' title='bbox 1121 1751 1316 1842; x_wconf 62' lang='lat' dir='ltr'><strong>interimi.</strong></span> 
     </span>
     <span class='ocr_line' id='line_1_13' title="bbox 304 1875 1316 1978; baseline 0.001 -26"><span class='ocrx_word' id='word_1_80' title='bbox 304 1880 395 1968; x_wconf 89' lang='lat' dir='ltr'><strong>bus,</strong></span> <span class='ocrx_word' id='word_1_81' title='bbox 414 1905 496 1978; x_wconf 85' lang='lat' dir='ltr'><strong>quae</strong></span> <span class='ocrx_word' id='word_1_82' title='bbox 515 1879 644 1949; x_wconf 88' lang='lat' dir='ltr'><strong>rimari</strong></span> <span class='ocrx_word' id='word_1_83' title='bbox 667 1878 892 1974; x_wconf 87' lang='lat' dir='ltr'><strong>permissum</strong></span> <span class='ocrx_word' id='word_1_84' title='bbox 909 1901 988 1950; x_wconf 87' lang='lat' dir='ltr'><strong>uon</strong></span> <span class='ocrx_word' id='word_1_85' title='bbox 1009 1875 1107 1952; x_wconf 81' lang='lat' dir='ltr'><strong>fuit?</strong></span> <span class='ocrx_word' id='word_1_86' title='bbox 1129 1885 1316 1957; x_wconf 54' lang='lat' dir='ltr'><strong>Craterum</strong></span> 
     </span>
     <span class='ocr_line' id='line_1_14' title="bbox 303 1993 1316 2097; baseline 0.004 -27"><span class='ocrx_word' id='word_1_87' title='bbox 303 1999 532 2097; x_wconf 80' lang='lat' dir='ltr'><strong>pulmonum</strong></span> <span class='ocrx_word' id='word_1_88' title='bbox 541 1996 715 2094; x_wconf 88' lang='lat' dir='ltr'><strong>superior</strong></span> <span class='ocrx_word' id='word_1_89' title='bbox 724 1993 995 2094; x_wconf 77' lang='lat' dir='ltr'><strong>parsadextris</strong></span> <span class='ocrx_word' id='word_1_90' title='bbox 1003 1994 1162 2094; x_wconf 87' lang='lat' dir='ltr'><strong>quidem</strong></span> <span class='ocrx_word' id='word_1_91' title='bbox 1173 1999 1316 2074; x_wconf 76' lang='lat' dir='ltr'><strong>inflam-</strong></span> 
     </span>
     <span class='ocr_line' id='line_1_15' title="bbox 303 2110 1313 2212; baseline 0.003 -25"><span class='ocrx_word' id='word_1_92' title='bbox 303 2132 426 2202; x_wconf 84' lang='lat' dir='ltr'><strong>mata,</strong></span> <span class='ocrx_word' id='word_1_93' title='bbox 442 2141 463 2187; x_wconf 83' lang='lat' dir='ltr'><strong>a</strong></span> <span class='ocrx_word' id='word_1_94' title='bbox 477 2113 636 2186; x_wconf 89' lang='lat' dir='ltr'><strong>sinistris</strong></span> <span class='ocrx_word' id='word_1_95' title='bbox 644 2135 734 2183; x_wconf 89' lang='lat' dir='ltr'><strong>vero</strong></span> <span class='ocrx_word' id='word_1_96' title='bbox 745 2110 921 2182; x_wconf 84' lang='lat' dir='ltr'><strong>nonnihil</strong></span> <span class='ocrx_word' id='word_1_97' title='bbox 930 2110 1027 2184; x_wconf 88' lang='lat' dir='ltr'><strong>dura</strong></span> <span class='ocrx_word' id='word_1_98' title='bbox 1035 2129 1234 2212; x_wconf 82' lang='lat' dir='ltr'><strong>comperta</strong></span> <span class='ocrx_word' id='word_1_99' title='bbox 1246 2134 1313 2208; x_wconf 84' lang='lat' dir='ltr'><strong>cst,</strong></span> 
     </span>
     <span class='ocr_line' id='line_1_16' title="bbox 217 2226 1313 2340; baseline 0.005 -35"><span class='ocrx_word' id='word_1_100' title='bbox 217 2313 220 2318; x_wconf 56' lang='grc'>,</span> <span class='ocrx_word' id='word_1_101' title='bbox 301 2236 485 2337; x_wconf 83' lang='lat' dir='ltr'><strong>pulmone</strong></span> <span class='ocrx_word' id='word_1_102' title='bbox 502 2234 658 2306; x_wconf 84' lang='lat' dir='ltr'><strong>dextero</strong></span> <span class='ocrx_word' id='word_1_103' title='bbox 675 2226 796 2300; x_wconf 87' lang='lat' dir='ltr'><strong>valide</strong></span> <span class='ocrx_word' id='word_1_104' title='bbox 815 2227 863 2302; x_wconf 88' lang='lat' dir='ltr'><strong>ad</strong></span> <span class='ocrx_word' id='word_1_105' title='bbox 883 2227 1055 2328; x_wconf 81' lang='lat' dir='ltr'><strong>pleuram</strong></span> <span class='ocrx_word' id='word_1_106' title='bbox 1075 2230 1313 2340; x_wconf 69' lang='lat' dir='ltr'><strong>adhaerente,</strong></span> 
     </span>
     <span class='ocr_line' id='line_1_17' title="bbox 302 2346 751 2428; baseline -0.024 -2"><span class='ocrx_word' id='word_1_107' title='bbox 302 2354 454 2426; x_wconf 85' lang='lat' dir='ltr'><strong>sinistro</strong></span> <span class='ocrx_word' id='word_1_108' title='bbox 473 2346 598 2424; x_wconf 76' lang='lat' dir='ltr'><strong>autem</strong></span> <span class='ocrx_word' id='word_1_109' title='bbox 616 2348 751 2428; x_wconf 85' lang='lat' dir='ltr'><strong>soluto.</strong></span> 
     </span>
    </p>

    <p class='ocr_par' dir='ltr' id='par_1_4' title="bbox 219 2462 1415 3744">
     <span class='ocr_line' id='line_1_18' title="bbox 353 2462 1414 2568; baseline -0.005 -25"><span class='ocrx_word' id='word_1_110' title='bbox 353 2499 408 2568; x_wconf 74' lang='lat'><strong>29.</strong></span> <span class='ocrx_word' id='word_1_111' title='bbox 431 2475 501 2541; x_wconf 88' lang='lat' dir='ltr'><strong>Tot</strong></span> <span class='ocrx_word' id='word_1_112' title='bbox 512 2467 682 2564; x_wconf 88' lang='lat' dir='ltr'><strong>interjeci</strong></span> <span class='ocrx_word' id='word_1_113' title='bbox 699 2462 1058 2544; x_wconf 60' lang='lat' dir='ltr'><strong>observationem</strong></span> <span class='ocrx_word' id='word_1_114' title='bbox 1075 2465 1310 2558; x_wconf 71' lang='lat' dir='ltr'><strong>decubitum,</strong></span> <span class='ocrx_word' id='word_1_115' title='bbox 1413 2509 1414 2520; x_wconf 29' lang='grc' dir='ltr'><strong>κ</strong></span> 
     </span>
     <span class='ocr_line' id='line_1_19' title="bbox 302 2577 1414 2682; baseline -0.012 -23"><span class='ocrx_word' id='word_1_116' title='bbox 302 2589 491 2682; x_wconf 89' lang='lat' dir='ltr'><strong>situmque</strong></span> <span class='ocrx_word' id='word_1_117' title='bbox 501 2577 1082 2682; x_wconf 79' lang='lat' dir='ltr'><strong>corporisspectantes,utferme</strong></span> <span class='ocrx_word' id='word_1_118' title='bbox 1095 2595 1132 2654; x_wconf 86' lang='lat' dir='ltr'><strong>te</strong></span> <span class='ocrx_word' id='word_1_119' title='bbox 1148 2581 1310 2662; x_wconf 84' lang='lat' dir='ltr'><strong>oblitum</strong></span> <span class='ocrx_word' id='word_1_120' title='bbox 1413 2641 1414 2646; x_wconf 75' lang='grc'>,</span> 
     </span>
     <span class='ocr_line' id='line_1_20' title="bbox 302 2695 1415 2800; baseline -0.01 -24"><span class='ocrx_word' id='word_1_121' title='bbox 302 2726 431 2776; x_wconf 85' lang='lat' dir='ltr'><strong>earum</strong></span> <span class='ocrx_word' id='word_1_122' title='bbox 446 2715 595 2799; x_wconf 89' lang='lat' dir='ltr'><strong>putem,</strong></span> <span class='ocrx_word' id='word_1_123' title='bbox 611 2695 1079 2798; x_wconf 63' lang='lat' dir='ltr'><strong>quaepromiseramlr)ad</strong></span> <span class='ocrx_word' id='word_1_124' title='bbox 1089 2722 1221 2778; x_wconf 74' lang='lat' dir='ltr'><strong>serum</strong></span> <span class='ocrx_word' id='word_1_125' title='bbox 1230 2726 1313 2800; x_wconf 79' lang='lat' dir='ltr'><strong>per·</strong></span> <span class='ocrx_word' id='word_1_126' title='bbox 1414 2762 1415 2765; x_wconf 74' lang='grc'>,</span> 
     </span>
     <span class='ocr_line' id='line_1_21' title="bbox 297 2814 1311 2918; baseline -0.004 -25"><span class='ocrx_word' id='word_1_127' title='bbox 297 2823 478 2906; x_wconf 83' lang='lat' dir='ltr'><strong>tinentes,</strong></span> <span class='ocrx_word' id='word_1_128' title='bbox 496 2819 535 2888; x_wconf 90' lang='lat' dir='ltr'><strong>in</strong></span> <span class='ocrx_word' id='word_1_129' title='bbox 552 2814 979 2918; x_wconf 80' lang='lat' dir='ltr'><strong>peripneumoniconum</strong></span> <span class='ocrx_word' id='word_1_130' title='bbox 996 2814 1176 2912; x_wconf 79' lang='lat' dir='ltr'><strong>thorace,</strong></span> <span class='ocrx_word' id='word_1_131' title='bbox 1191 2833 1311 2918; x_wconf 79' lang='lat' dir='ltr'><strong>etpe-</strong></span> 
     </span>
     <span class='ocr_line' id='line_1_22' title="bbox 298 2931 1311 3026; baseline -0.002 -16"><span class='ocrx_word' id='word_1_132' title='bbox 298 2939 461 3011; x_wconf 87' lang='lat' dir='ltr'><strong>ricardio</strong></span> <span class='ocrx_word' id='word_1_133' title='bbox 475 2936 683 3008; x_wconf 88' lang='lat' dir='ltr'><strong>collectum.</strong></span> <span class='ocrx_word' id='word_1_134' title='bbox 702 2933 824 3004; x_wconf 85' lang='lat' dir='ltr'><strong>Prima</strong></span> <span class='ocrx_word' id='word_1_135' title='bbox 841 2931 980 3005; x_wconf 87' lang='lat' dir='ltr'><strong>harum</strong></span> <span class='ocrx_word' id='word_1_136' title='bbox 996 2933 1108 3008; x_wconf 68' lang='lat' dir='ltr'><strong>umul</strong></span> <span class='ocrx_word' id='word_1_137' title='bbox 1127 2934 1178 3012; x_wconf 84' lang='lat' dir='ltr'><strong>ad</strong></span> <span class='ocrx_word' id='word_1_138' title='bbox 1193 2936 1311 3026; x_wconf 83' lang='lat' dir='ltr'><strong>illud,</strong></span> 
     </span>
     <span class='ocr_line' id='line_1_23' title="bbox 298 3048 1310 3149; baseline -0.002 -19"><span class='ocrx_word' id='word_1_139' title='bbox 298 3056 409 3131; x_wconf 87' lang='lat' dir='ltr'><strong>simul</strong></span> <span class='ocrx_word' id='word_1_140' title='bbox 428 3055 475 3126; x_wconf 85' lang='lat' dir='ltr'><strong>ad</strong></span> <span class='ocrx_word' id='word_1_141' title='bbox 487 3052 705 3126; x_wconf 86' lang='lat' dir='ltr'><strong>decubitum</strong></span> <span class='ocrx_word' id='word_1_142' title='bbox 716 3048 908 3138; x_wconf 81' lang='lat' dir='ltr'><strong>attinebit,</strong></span> <span class='ocrx_word' id='word_1_143' title='bbox 929 3065 966 3122; x_wconf 89' lang='lat' dir='ltr'><strong>et</strong></span> <span class='ocrx_word' id='word_1_144' title='bbox 980 3064 1162 3149; x_wconf 79' lang='lat' dir='ltr'><strong>praeterea</strong></span> <span class='ocrx_word' id='word_1_145' title='bbox 1180 3068 1310 3128; x_wconf 80' lang='lat' dir='ltr'><strong>osteu-</strong></span> 
     </span>
     <span class='ocr_line' id='line_1_24' title="bbox 249 3166 1311 3271; baseline -0.007 -22"><span class='ocrx_word' id='word_1_146' title='bbox 249 3215 251 3224; x_wconf 26' lang='grc' dir='ltr'><em>ι</em></span> <span class='ocrx_word' id='word_1_147' title='bbox 298 3177 382 3254; x_wconf 78' lang='lat' dir='ltr'><strong>det,</strong></span> <span class='ocrx_word' id='word_1_148' title='bbox 403 3189 588 3271; x_wconf 86' lang='lat' dir='ltr'><strong>quatenus</strong></span> <span class='ocrx_word' id='word_1_149' title='bbox 611 3168 806 3269; x_wconf 83' lang='lat' dir='ltr'><strong>pulmonis</strong></span> <span class='ocrx_word' id='word_1_150' title='bbox 826 3166 1075 3242; x_wconf 81' lang='lat' dir='ltr'><strong>inflammatio</strong></span> <span class='ocrx_word' id='word_1_151' title='bbox 1097 3169 1311 3268; x_wconf 80' lang='lat' dir='ltr'><strong>aliquando</strong></span> 
     </span>
     <span class='ocr_line' id='line_1_25' title="bbox 293 3287 1054 3390; baseline -0.008 -26"><span class='ocrx_word' id='word_1_152' title='bbox 293 3293 473 3390; x_wconf 85' lang='lat' dir='ltr'><strong>jecinoris</strong></span> <span class='ocrx_word' id='word_1_153' title='bbox 491 3290 823 3379; x_wconf 83' lang='lat' dir='ltr'><strong>inflammationem</strong></span> <span class='ocrx_word' id='word_1_154' title='bbox 840 3287 1054 3361; x_wconf 81' lang='lat' dir='ltr'><strong>mentiatur.</strong></span> 
     </span>
     <span class='ocr_line' id='line_1_26' title="bbox 219 3401 1308 3504; baseline -0.004 -22"><span class='ocrx_word' id='word_1_155' title='bbox 219 3453 224 3464; x_wconf 71' lang='lat'>=</span> <span class='ocrx_word' id='word_1_156' title='bbox 332 3411 402 3482; x_wconf 11' lang='lat'><strong>¹30.</strong></span> <span class='ocrx_word' id='word_1_157' title='bbox 420 3409 598 3495; x_wconf 81' lang='lat' dir='ltr'><strong>Clericus,</strong></span> <span class='ocrx_word' id='word_1_158' title='bbox 611 3401 804 3504; x_wconf 87' lang='lat' dir='ltr'><strong>quimodo</strong></span> <span class='ocrx_word' id='word_1_159' title='bbox 814 3403 1037 3502; x_wconf 83' lang='lat' dir='ltr'><strong>vigesimum</strong></span> <span class='ocrx_word' id='word_1_160' title='bbox 1046 3405 1202 3482; x_wconf 81' lang='lat' dir='ltr'><strong>tertium</strong></span> <span class='ocrx_word' id='word_1_161' title='bbox 1215 3407 1308 3480; x_wconf 82' lang='lat' dir='ltr'><strong>inie-</strong></span> 
     </span>
     <span class='ocr_line' id='line_1_27' title="bbox 292 3507 1307 3622; baseline -0.004 -24"><span class='ocrx_word' id='word_1_162' title='bbox 292 3543 350 3598; x_wconf 87' lang='lat' dir='ltr'><strong>rat</strong></span> <span class='ocrx_word' id='word_1_163' title='bbox 365 3507 529 3613; x_wconf 82' lang='lat' dir='ltr'><strong>annum,</strong></span> <span class='ocrx_word' id='word_1_164' title='bbox 544 3527 620 3622; x_wconf 86' lang='lat' dir='ltr'><strong>jam</strong></span> <span class='ocrx_word' id='word_1_165' title='bbox 638 3539 723 3596; x_wconf 87' lang='lat' dir='ltr'><strong>ante</strong></span> <span class='ocrx_word' id='word_1_166' title='bbox 737 3521 945 3594; x_wconf 86' lang='lat' dir='ltr'><strong>triennium</strong></span> <span class='ocrx_word' id='word_1_167' title='bbox 965 3535 1072 3594; x_wconf 81' lang='lat' dir='ltr'><strong>acuta</strong></span> <span class='ocrx_word' id='word_1_168' title='bbox 1090 3518 1197 3597; x_wconf 81' lang='lat' dir='ltr'><strong>febre</strong></span> <span class='ocrx_word' id='word_1_169' title='bbox 1213 3547 1307 3599; x_wconf 77' lang='lat' dir='ltr'><strong>eum</strong></span> 
     </span>
     <span class='ocr_line' id='line_1_28' title="bbox 290 3638 1308 3744; baseline 0.001 -29"><span class='ocrx_word' id='word_1_170' title='bbox 290 3642 506 3744; x_wconf 83' lang='lat' dir='ltr'><strong>parotidum</strong></span> <span class='ocrx_word' id='word_1_171' title='bbox 520 3644 717 3741; x_wconf 87' lang='lat' dir='ltr'><strong>eruptione</strong></span> <span class='ocrx_word' id='word_1_172' title='bbox 729 3639 980 3718; x_wconf 75' lang='lat' dir='ltr'><strong>laboraverat:</strong></span> <span class='ocrx_word' id='word_1_173' title='bbox 994 3664 1016 3711; x_wconf 85' lang='lat' dir='ltr'><strong>a</strong></span> <span class='ocrx_word' id='word_1_174' title='bbox 1030 3662 1106 3738; x_wconf 83' lang='lat' dir='ltr'><strong>qun</strong></span> <span class='ocrx_word' id='word_1_175' title='bbox 1117 3638 1218 3714; x_wconf 75' lang='lat' dir='ltr'><strong>tiber</strong></span> <span class='ocrx_word' id='word_1_176' title='bbox 1227 3638 1308 3716; x_wconf 80' lang='lat' dir='ltr'><strong>fae-</strong></span> 
     </span>
    </p>
   </div>
   <div class='ocr_carea' id='block_1_3' title="bbox 328 4017 507 4098">
    <p class='ocr_par' dir='ltr' id='par_1_5' title="bbox 328 4017 507 4098">
     <span class='ocr_line' id='line_1_29' title="bbox 328 4017 507 4098; baseline 0.028 -5"><span class='ocrx_word' id='word_1_177' title='bbox 328 4017 372 4098; x_wconf 79' lang='lat'><strong>(1)</strong></span> <span class='ocrx_word' id='word_1_178' title='bbox 392 4021 429 4076; x_wconf 72' lang='lat' dir='ltr'><strong>N·</strong></span> <span class='ocrx_word' id='word_1_179' title='bbox 453 4035 507 4082; x_wconf 40' lang='grc' dir='ltr'><strong>ιιι</strong></span> 
     </span>
    </p>
   </div>
   <div class='ocr_carea' id='block_1_4' title="bbox 0 0 1420 4662">
    <p class='ocr_par' dir='ltr' id='par_1_6' title="bbox 0 0 1420 4662">
     <span class='ocr_line' id='line_1_30' title="bbox 0 0 1420 4662; baseline 0 10"><span class='ocrx_word' id='word_1_180' title='bbox 0 0 1420 4662; x_wconf 95' lang='lat' dir='ltr'><strong> </strong></span> 
     </span>
    </p>
   </div>
  </div>
 </body>
</html>
