2750 4658
267 357 335 432 232
429 377 475 426 na
501 375 647 426 srnrrus
671 377 716 425 rr
740 375 865 430 causrs
890 377 1101 432 notrorum

319 521 373 592 17.
384 497 501 590 Virgo
516 513 704 563 annorum
720 493 958 589 quindecim,
977 511 1086 568 acuta
1102 494 1226 588 febre,
1237 515 1273 573 et

267 614 351 686 diro
366 613 570 712 praesertim
591 609 724 681 dolore
741 611 898 708 capitis,
913 636 1002 682 nam
1020 616 1125 686 mitia
1143 631 1274 688 caetera
1356 661 1358 678 t

267 746 375 806 erant
409 742 681 826 symptomata,
715 727 975 824 torquebatur.
1012 730 1142 804 Febris
1175 734 1274 804 circa
1357 758 1358 822 j

267 850 368 921 diem
388 849 577 920 decimum
593 846 743 918 videtur
761 847 964 919 remittere.
981 852 1126 920 Verum
1144 852 1274 948 paucis

267 985 354 1070 post
373 969 506 1042 diebus
521 969 569 1041 ad
584 968 682 1040 hanc
698 969 882 1040 accedunt
898 993 1033 1068 magna
1056 971 1156 1060 sitis,
1174 970 1274 1043 laho-

267 1090 367 1160 riosa
381 1087 600 1183 respiratio,
620 1084 659 1156 in
680 1087 828 1158 sinistra
849 1085 1014 1159 thoracis
1028 1103 1133 1185 parte
1152 1088 1271 1160 dolor.
1352 1127 1359 1173 1,

268 1208 335 1278 His
352 1203 503 1276 duobus
529 1204 671 1276 ultimis
693 1204 1059 1303 ingravescentibus,
1078 1207 1180 1279 intra
1198 1207 1275 1279 dies

268 1349 350 1394 non
370 1321 527 1410 multos,
547 1322 675 1420 lingua
702 1337 739 1396 et
762 1337 888 1396 mente
909 1323 1044 1412 libera,
1061 1338 1199 1422 praeter
1221 1347 1273 1396 as-
1358 1317 1359 1329 ¹

271 1440 473 1514 sidentium
493 1441 793 1538 expectationem
810 1440 969 1514 decedit.
985 1428 1156 1517 Thorace
1170 1466 1274 1541 aper-

270 1574 331 1646 to,
345 1559 548 1656 pulmones
558 1557 713 1656 quidem
727 1559 828 1648 sani3
848 1573 884 1631 at
897 1559 1092 1632 sinistrum
1107 1559 1208 1632 illius
1220 1583 1274 1631 ca·

269 1701 360 1748 vum
383 1701 466 1749 sero
484 1677 640 1774 plenum
668 1678 859 1768 inventu
884 1703 963 1749 uon
988 1677 1096 1750 valde
1117 1677 1274 1752 absimili
1358 1702 1359 1717 ¹

271 1798 389 1868 urinae
405 1795 685 1891 jumentorum,
714 1796 754 1866 in
780 1818 858 1894 quo
885 1797 1150 1868 concretiones
1179 1821 1275 1894 quae-

273 1915 360 1987 dam
386 1913 566 1985 natabant
599 1913 777 1984 albumen
804 1911 1018 1986 referentes.
1049 1917 1093 1983 In
1125 1913 1273 1986 dextero

274 2057 429 2132 quoque
448 2055 539 2104 cavo
559 2056 705 2120 serum,
730 2047 767 2104 at
788 2055 1021 2131 perpaucum
1041 2028 1121 2114 fuit.
1149 2032 1221 2104 Sed
1238 2033 1274 2101 in
1358 2084 1359 2107 t

268 2149 485 2248 pericardio
503 2175 545 2221 ea
559 2152 687 2248 copia,
709 2163 753 2220 ut
766 2163 890 2221 totum
909 2148 1102 2248 oppleret,
1122 2151 1274 2222 crassius

226 2309 229 2316 ·
269 2284 398 2341 autem
426 2292 471 2340 eo
498 2268 603 2364 quod
624 2269 663 2338 in
689 2266 844 2340 thorace
870 2281 1116 2366 conspectum
1135 2265 1272 2340 fuerat:
1358 2254 1359 2263 ¹

268 2401 423 2457 etcum
450 2386 613 2457 exterior
642 2385 767 2458 cordis
791 2382 903 2457 facies
922 2385 1054 2458 leviter
1076 2401 1176 2462 essct
1200 2408 1274 2456 ero-

276 2528 337 2592 sa;
357 2501 512 2574 fortasse
530 2502 577 2574 ab
599 2503 731 2574 eodem
748 2528 833 2577 sero
848 2503 887 2574 id
902 2501 1040 2574 factum
1058 2501 1174 2575 fuisse
1195 2528 1276 2574 con·

272 2621 340 2716 ‘jici
360 2634 518 2716 poterat.
537 2620 729 2720 Polyposae
751 2623 790 2691 in
808 2620 932 2693 cordis
949 2621 1171 2692 ventriculis
1192 2646 1275 2693 con-

272 2736 465 2808 cretiones
493 2735 691 2810 densatum
709 2763 863 2810 mucum
881 2736 1167 2836 quodammodo
1188 2736 1275 2810 refe-

275 2853 438 2926 rebant:
459 2856 580 2951 major
602 2851 734 2930 autem
746 2871 825 2929 erat
840 2881 922 2954 quae
940 2858 980 2928 in
1000 2855 1215 2928 ventriculo
1235 2857 1276 2928 si·

276 2974 407 3046 nistro.

332 3093 385 3163 18.
409 3091 525 3182 Quod
545 3089 660 3165 febris
677 3091 908 3188 ejuscemodi
931 3115 969 3164 se
993 3091 1186 3164 remittere
1206 3091 1276 3161 visa
1303 3115 1310 3136 ·

193 3219 195 3223 '
278 3206 391 3281 fuerit
408 3212 487 3282 sine
502 3209 579 3281 ulla
593 3211 673 3305 ejus
686 3210 868 3298 materiae,
886 3234 968 3309 quae
979 3211 1097 3306 ipsam
1113 3204 1276 3293 faciebat,

280 3329 512 3416 excretione,
531 3327 775 3400 vehementer
795 3341 1010 3426 suspectum
1028 3339 1125 3398 erat:
1141 3341 1179 3398 et
1196 3349 1275 3398 sane

278 3441 358 3514 haee
375 3444 414 3512 in
436 3442 619 3531 thoracis,
642 3457 678 3516 et
695 3445 895 3544 pericardii
913 3467 1000 3516 cava
1017 3467 1055 3516 se
1076 3439 1274 3527 effuderat,

279 3585 323 3632 ea
349 3561 553 3644 acrimonia
583 3561 760 3659 praedita,
785 3587 898 3660 quam
926 3561 1029 3632 dirus
1055 3560 1188 3656 capitis
1206 3559 1275 3656 pri·

279 3693 404 3767 mum,
420 3702 510 3749 mox
527 3681 643 3778 partis
661 3680 994 3752 sinistraethoracis
1011 3678 1122 3750 dolor
1137 3675 1274 3746 indica*-

279 3796 361 3885 hat,
381 3795 615 3868 confirmavit
629 3813 752 3872 autem
771 3799 893 3871 erosio
910 3796 1044 3869 cordis.
1071 3797 1166 3866 Cum
1189 3815 1274 3862 vero

279 3938 301 3985 a
318 3916 437 4014 capite
454 3915 501 3986 ad
513 3914 706 3989 thoracem
726 3931 762 3990 et
781 3939 848 3990 cor
864 3914 1094 4000 divertisset,
1113 3923 1194 3984 non
1210 3909 1274 3980 mi·
1358 3966 1359 3985 t
