2766 4670
106 435 174 483 cns.
203 435 229 482 1.
260 435 306 482 us
332 433 785 500 uouu1scue1c1s,us1su
811 435 885 486 nv.
943 412 1010 487 155
1051 488 1057 497 ,

24 565 186 644 testatur,
204 547 471 622 delectatum.
486 551 517 620 A
533 547 710 646 gravibus
720 564 845 624 sutem
863 549 1015 648 hyoidis

28 669 102 742 ossis
110 668 209 743 vitiis
216 665 427 742 balbutiem
441 664 643 763 aliquando
655 691 746 756 esse,
760 667 938 742 credibile
947 683 1014 742 est:

29 802 176 861 etsanea
191 807 311 882 prava
328 783 409 878 ejus
420 780 543 882 figura
556 782 706 874 blaesos,
720 784 867 874 bulbos,
887 794 1018 858 etmu-

32 919 74 973 tos
82 905 191 999 fieri,
214 899 391 978 docuisse
408 901 578 1000 intelligo
602 902 897 978 eflsditissimum
915 903 1020 976 Hah-

33 1022 118 1092 nium
135 1017 202 1116 (1).
223 1021 305 1092 Nec
330 1015 507 1093 videntur
524 1043 635 1117 posse
651 1020 936 1109 musculorum,
952 1022 1019 1118 qui

35 1137 177 1234 linguam
187 1149 368 1227 movent,
385 1137 612 1213 directiones
623 1140 781 1229 mutari,
799 1139 892 1236 quin
905 1137 1022 1235 hujus

38 1253 192 1328 motusab
202 1269 350 1328 naturas
363 1273 496 1329 norma
505 1255 708 1332 declinent.
722 1256 835 1348 Quod
845 1257 876 1328 si
885 1255 1023 1328 Kerclc·

38 1371 154 1468 ringius
167 1372 222 1471 (a)
235 1396 373 1449 verum
389 1373 595 1470 scripsisset
611 1373 657 1448 de
670 1400 753 1450 osse
773 1373 918 1470 hyode,
933 1394 1021 1445 cuns

43 1492 69 1556 in
74 1486 239 1596 foetibus,
261 1491 330 1580 ait,
345 1491 544 1588 nequidem
560 1493 816 1590 cartilaginem
836 1487 915 1587 ejus
933 1513 1027 1588 apa·

45 1629 122 1696 rere3
142 1606 232 1681 hinc
259 1632 419 1706 quoque
446 1633 548 1698 esse,
565 1635 645 1684 non
668 1609 900 1697 dubitarem,
921 1607 1028 1706 quod

45 1723 165 1815 parvuli
177 1727 300 1800 serius
311 1740 398 1822 post
415 1741 540 1796 ortum
557 1727 661 1823 loqui
678 1727 878 1824 incipiant,
894 1741 1029 1796 etcum

48 1838 267 1938 inceperunt,
288 1842 415 1916 adhuc
434 1842 637 1918 dttnidiatu
656 1844 768 1914 verba
786 1857 944 1927 tentent,
962 1865 1030 1913 seu

50 1954 140 2028 balba
154 1958 286 2034 dicant
300 1962 437 2048 verba,
453 1960 696 2032 ut'Minutius
711 1959 810 2032 Felix
828 1958 903 2056 (3),
919 1972 956 2029 et
969 1957 1029 2027 Al-

51 2067 116 2149 hius
128 2075 296 2152 Tihullus
306 2078 361 2175 (4)
370 2101 503 2152 eorum
512 2076 704 2174 loquelam
714 2100 941 2176 expressere.
952 2073 1034 2146 Sed·

55 2199 155 2262 tumen
171 2193 266 2270 illud
284 2219 348 2284 os,
366 2195 472 2292 quod
487 2193 650 2271 fulcrum
671 2195 806 2296 liuguae
826 2209 902 2282 est,
921 2207 958 2263 et
969 2191 1034 2261 ali-

56 2321 128 2396 quot
142 2310 218 2405 ejus
234 2312 516 2402 musculorum,
536 2321 651 2412 quam
665 2337 749 2387 sero
768 2311 937 2409 undique
950 2333 1034 2408 per·

58 2415 195 2518 finiatur,
217 2445 254 2502 et
281 2455 327 2506 ex
344 2444 424 2502 toto
448 2455 494 2502 os
508 2430 590 2518 fiat,
614 2431 700 2504 satis
722 2429 864 2502 iudicat
881 2428 1036 2500 illustris

60 2535 264 2644 Mb‘111us(5').
285 2547 486 2624 Molinetto
499 2564 622 2624 autem
635 2564 765 2624 nostro
775 2547 829 2646 (6)
838 2531 1036 2634 visumest,

62 2651 125 2727 ideo
146 2671 265 2738 statim
290 2669 344 2739 ab
368 2682 453 2742 ortu
479 2691 556 2739 non
585 2667 689 2764 loqui
705 2669 907 2759 infantem,
931 2661 1036 2762 quod

64 2772 247 2864 stylisormis
256 2807 473 2881 processus,
484 2809 506 2856 a
518 2809 596 2881 quo
611 2784 771 2860 musculi
782 2783 1039 2882 styloglossus,

65 2899 91 2956 ⁸1
102 2895 377 2997 stylohyoidaeus
397 2903 591 2991 oriuntur,
608 2905 755 2994 infectu
773 2925 849 2972 non
867 2914 1038 2998 apparet.

66 3001 153 3091 Quod
167 3015 195 3086 si
207 3017 257 3089 ita
271 3019 447 3117 accipias,
473 3021 580 3118 quasi
596 3043 704 3105 esse,
728 3017 941 3117 negaverit;
964 3013 1043 3084 hal-2

67 3114 223 3208 lucinatus
246 3149 321 3226 est,
341 3151 499 3215 testante
522 3136 793 3213 Cassebohmio
815 3131 904 3231 (7),
935 3153 973 3202 se
997 3130 1037 3200 in

73 3297 1040 3341 W

156 3696 187 3752 L.
202 3719 234 3774 α,
248 3707 328 3784 Eleg.
343 3706 376 3768 5.
391 3727 421 3764 v.
434 3714 483 3783 94.

159 3791 236 3853 leon.
248 3803 311 3858 Oss.
329 3805 399 3859 rat,
412 3803 451 3860 ad
462 3800 600 3880 flg.152.

160 3887 273 3950 Dissert.
285 3901 372 3954 Anat.
383 3894 498 3954 Pathol.
512 3899 531 3954 t
546 3916 581 3970 2,
599 3916 625 3956 c.
639 3917 664 3954 1.

162 3983 202 4044 De
217 4007 285 4053 aure
300 3997 388 4056 Hum.
403 4008 441 4056 tr.
455 4017 486 4071 1,
504 3996 590 4078 §432³
