2750 4658
118 469 188 514 tra.
218 469 259 514 ιι.
287 469 334 514 nn
361 468 854 536 uonarsruonac1s‚aersr.
883 476 955 523 xvi.
985 454 1056 528 283

45 581 179 678 pulsus
204 596 332 654 autem
351 584 489 656 sensim
509 586 627 685 magis
643 588 839 685 magisque
854 587 1054 679 infirmari,

48 715 85 769 et
110 699 219 796 quasi
247 697 472 772 obscurari:
498 723 581 798 quae
609 703 690 774 non·
713 702 857 778 fallacia
877 709 1057 805 proxima

45 819 124 913 jam
142 817 278 890 mortis
296 815 450 891 fuerunt
465 819 612 898 iudicia.

95 937 328 1025 Thoracem,
356 935 404 1006 ad
430 935 593 1008 abstrusi
622 933 747 1006 morbi
772 935 920 1025 sedem,
944 955 1056 1012 natu·

46 1079 206 1152 namque
218 1052 536 1154 patefaciendam,
548 1052 743 1132 recludere
761 1053 955 1129 Albertino
969 1081 1057 1155 per-

48 1175 205 1246 missum
219 1185 295 1260 est,
306 1197 403 1261 uno,
419 1171 522 1242 haud
533 1171 711 1270 amplius,
728 1173 831 1244 socio
845 1173 973 1247 addito
985 1179 1057 1248 Ro·

46 1290 155 1362 berto
169 1292 399 1377 Muratorio,
417 1291 566 1362 seniore
580 1288 749 1378 medico,
772 1291 929 1388 viroque
946 1317 1054 1390 spee-

48 1421 135 1479 tato.
155 1411 252 1480 Sana
269 1408 383 1505 igitur
404 1409 532 1478 omnin
555 1408 708 1479 inventa
727 1423 834 1493 sunt,
855 1410 927 1482 nisi
948 1411 1054 1507 quod

47 1523 300 1622 pericardium
328 1524 498 1598 tumebat
527 1549 623 1622 aqua
654 1526 701 1596 ad
732 1526 862 1597 uncias
892 1552 1054 1617 novem,

48 1642 172 1714 cordis
192 1657 318 1717 autem
334 1642 554 1714 membrana
572 1640 771 1714 manifesto
795 1642 903 1712 erodi
926 1668 1052 1741 coepe-

48 1774 125 1847 rat,
142 1757 248 1832 facite
268 1759 315 1832 ab
333 1759 466 1832 eadem
492 1783 608 1854 aqua,
628 1759 741 1856 longa
762 1757 917 1828 demum
946 1785 1052 1832 mora

45 1877 189 1949 acriore
204 1875 310 1966 facta,
322 1875 423 1948 unde
436 1875 499 1948 ille
516 1891 612 1947 esset
625 1876 878 1973 punctionum
898 1899 1049 1965 sensus,

49 2019 172 2092 eaeque
189 1995 289 2066 leves
305 1994 581 2066 convulsiones.
1005 2079 1011 2094 ι

93 2119 152 2200 [tlt
171 2114 374 2214 Historiam
395 2109 514 2184 habes
530 2110 681 2208 qualem
703 2135 836 2184 recens
854 2109 902 2182 ab
921 2110 1056 2184 Alben·

50 2231 115 2302 tini
132 2213 372 2304 sermonibus
385 2230 462 2325 jam
485 2255 530 2301 eo
551 2243 722 2327 tempore
753 2230 1050 2327 conscripseram

51 2374 133 2420 cum
162 2348 234 2422 elia
259 2347 570 2445 habentemque
598 2347 781 2435 doceant,
807 2346 900 2444 quid
927 2349 1053 2420 invitis

49 2492 124 2538 non
146 2465 413 2538 inculcandum
428 2487 449 2536 a
466 2465 631 2555 medico,
651 2465 795 2564 etquid
811 2466 850 2537 in
870 2465 956 2536 loco
968 2467 1051 2536 imi·

49 2584 225 2672 tandum,
241 2595 324 2654 tum
341 2582 404 2654 illa
420 2599 614 2680 certeque
631 2584 678 2655 ad
696 2584 934 2682 propositum
953 2607 1051 2657 mor·
1070 2576 1073 2580 ’

47 2700 141 2772 hum
157 2701 493 2779 internoscendum
508 2702 690 2800 'prodesse
708 2704 863 2801 possint
888 2707 932 2775 Et
954 2725 1050 2799 quo-

47 2823 146 2892 niam
165 2822 206 2892 in
223 2845 266 2892 ea
283 2819 427 2892 dictum
448 2835 527 2908 est,
550 2822 590 2890 in
610 2820 695 2894 aliis.
711 2845 866 2918 quoque
890 2819 1051 2894 Alberti·

49 2963 138 3010 num
160 2938 278 3035 ipsius
297 2938 401 3034 signa
416 2938 637 3027 adnotasse3
660 2939 802 3036 poteris
822 2963 904 3035 quae
927 2937 975 3008 de
993 2937 1051 3010 his

47 3057 81 3126 in
99 3057 391 3128 Commentariis
407 3054 454 3126 de
466 3057 696 3149 Bononiensi
712 3055 953 3128 scientiarum
973 3077 1052 3124 aca-

47 3171 166 3244 demia
187 3171 241 3270 (1)
259 3174 433 3246 universe
452 3172 597 3260 docuit,
613 3171 759 3271 legere,
779 3185 916 3244 etcum
935 3169 1051 3265 hujus

46 3291 200 3389 virginis
221 3289 485 3364 observatione
509 3286 712 3376 conferre‚'
726 3311 862 3384 quam,
890 3286 1050 3384 opinor.

48 3409 187 3480 indicat
212 3398 278 3481 ubi
298 3408 538 3507 superficiem
563 3405 692 3493 cordis¹
713 3405 838 3478 leviter
857 3429 1050 3478 corrosam

48 3531 82 3596 in
106 3527 283 3598 multabo·
304 3527 486 3600 cadavere
505 3531 742 3624 conspexisse
767 3549 824 3612 se,
847 3523 950 3596 dicit.
972 3527 1049 3596 Nee

47 3658 80 3716 te
91 3660 243 3716 moveat
257 3644 364 3742 quod
379 3644 446 3717 ubi
457 3667 554 3742 aqua
573 3641 736 3716 eredens
748 3655 862 3731 esset,
878 3627 1050 3740 quaedani

79 4015 122 4094 (ι)
143 4017 445 4093 Tom.1‚in0pusc.
498 4029 501 4036 '
