2766 4670
167 412 235 458 nm.
262 412 288 460 1.
315 411 364 460 oa
390 409 527 462 nonnis
549 409 706 474 carrrrs,
732 410 843 462 nana.
871 411 945 462 xiv.
1000 390 1070 488 139

62 551 144 604 non
151 521 382 624 opusluissc
392 522 617 620 'hujusmodi
626 524 906 622 experimentis,
919 527 1070 623 quando

64 669 89 713 a
104 645 217 740 longo
228 643 496 738 jam-tempore
509 665 569 712 me
578 644 679 712 Deus
694 640 753 714 his
766 641 996 717 cruciatibus
1012 669 1074 716 ca-

63 787 148 836 rere
165 760 306 836 vol-uit.
338 762 432 832 Nam
460 773 497 830 et
520 759 599 844 alii,
624 772 664 830 ut
690 759 810 846 noso,
835 759 965 847 eadem
990 785 1073 858 quae

63 878 296 978 Stephanus,
311 877 470 975 polliciti
487 873 646 964 lucrant,
665 877 827 950 ossiculo
841 877 1011 952 adhibito
1029 905 1075 954 ex

62 995 222 1068 busonis
237 994 346 1093 pede.
362 999 439 1092 Ego
461 1009 587 1067 tamen
605 995 695 1064 novi
714 993 973 1070 doctissimum
995 1021 1074 1070 mc-

64 1113 192 1186 dicum
211 1113 278 1210 qni
291 1109 645 1210 frustrapericulnm
659 1109 804 1200 fecerit,
817 1113 1073 1186 omnibusbu·
1165 1129 1167 1134 '

63 1227 174 1320 sonis,
195 1245 276 1303 tum
290 1231 435 1302 mortui
449 1244 528 1304 turn
542 1229 636 1314 vivi,
655 1232 828 1302 extractis
845 1231 1010 1320 ossibus,
1024 1257 1073 1306 nc

62 1347 160 1428 forte
175 1347 228 1422 ob
240 1361 442 1420 anctorum
460 1347 749 1443 discrepantiam
762 1349 802 1418 in
816 1363 920 1420 certo
932 1350 1073 1422 ossicu-

63 1466 99 1538 lo
119 1463 466 1553 definiendnaliud
481 1489 551 1562 pro
565 1465 637 1538 alio
652 1480 829 1554 sumeret,
844 1465 1073 1564 singulisque

62 1581 244 1681 deinceps
259 1580 330 1656 sibi
346 1581 392 1654 ad
408 1579 582 1669 dentem,
597 1598 662 1654 aut
677 1582 725 1654 ad
742 1583 929 1680 gingivam
946 1583 1074 1656 admo·

63 1701 118 1772 tis.
137 1703 249 1772 Dicet
270 1700 406 1798 aliquis
423 1697 597 1785 fortasse,
626 1714 690 1770 ant
707 1699 846 1770 idoneo
869 1701 960 1772 anni
980 1715 1073 1772 tem·
1113 1681 1114 1685 Ἰ

63 1843 157 1916 pore
168 1818 235 1890 illa
250 1818 410 1890 ossicula
430 1816 597 1892 detracta
616 1840 696 1886 non
716 1840 816 1904 esse,
839 1831 902 1888 aut
923 1817 968 1886 iis
990 1819 1072 1914 gin-

64 1938 186 2034 givam
203 1959 287 2006 non
302 1936 352 2010 ita
368 1929 512 2022 valide,
523 1947 565 2006 ut
582 1931 800 2030 oportebat,
815 1931 1071 2027 confricatam.

64 2059 143 2126 Hoc
166 2054 294 2152 potius
316 2051 560 2138 crediderim,
578 2051 647 2148 qui
665 2052 745 2149 ipse
765 2051 957 2124 interdum
974 2051 1073 2124 leva-

63 2197 153 2244 men
168 2169 327 2268 aliquod
343 2171 455 2244 retuli
472 2194 518 2244 ex
533 2168 771 2267 gingivarum
790 2166 961 2242 trieoone
978 2197 985 2240 :
1007 2169 1072 2242 sed

64 2314 148 2360 cum
169 2289 308 2387 digitos
334 2289 381 2360 ad
406 2287 591 2376 idmeos,
621 2312 699 2360 non
724 2287 910 2383 ejusmodi
931 2290 1073 2360 ossicu-

64 2407 165 2495 lum,
182 2406 447 2495 adhibuerim3
465 2405 632 2504 proclive
650 2421 704 2478 est
720 2406 892 2495 credere,
910 2431 989 2478 non
1008 2433 1072 2505 pe-

66 2525 200 2596 culiari
220 2523 374 2596 bufonis
389 2526 444 2613 vi,
462 2524 527 2596 sed
542 2521 727 2613 frictioni,
742 2525 897 2622 quando
911 2524 999 2596 huic
1013 2526 1075 2628 lo-¹

65 2667 129 2716 cus
142 2627 439 2732 est,istiusmodi
453 2642 634 2715 miracula
649 2656 801 2740 accepta
813 2667 892 2714 esse
908 2641 1071 2716 referen·
1096 2731 1098 2736 ,

62 2760 117 2830 da.
136 2761 240 2832 Talia
259 2767 413 2858 quoque
435 2761 593 2855 jactasse
611 2761 767 2838 memini
783 2762 907 2833 virum
927 2779 1073 2834 caetero·

62 2879 231 2982 quinon
247 2870 469 2966 indoctum,
489 2879 521 2950 si
544 2879 584 2948 in
609 2901 690 2950 eam
709 2901 840 2950 narem
862 2904 945 2976 quae
968 2879 1074 2952 denti

62 2994 328 3094 responderet,
356 2995 497 3070 humor
520 2994 775 3070 attraheretur
801 2996 1004 3068 stillatitius
1027 3021 1072 3068 ex

63 3115 143 3184 vini
158 3115 296 3212 spiritu
308 3116 347 3186 in
365 3139 443 3211 quo
461 3129 551 3186 nota
565 3114 637 3186 sihi
650 3113 768 3186 herba
778 3128 877 3186 esset
888 3129 1072 3184 macerata

63 3230 452 3321 calefaciens,amara,
464 3233 571 3329 cujus
584 3232 672 3304 dato
687 3231 842 3330 pulvere
854 3228 977 3303 febres
989 3218 1074 3304 abe·

63 3363 185 3448 gerat,
202 3349 242 3420 in
253 3351 350 3422 locis
369 3351 596 3448 proveniens
612 3363 694 3422 tum
706 3349 846 3448 planis,
862 3365 944 3420 tum
961 3375 1073 3424 mon·
1144 3391 1148 3398 ‚

61 3469 174 3556 tosio,
200 3469 308 3564 cujus
334 3467 506 3540 humoris
531 3470 791 3546 attractionem
812 3493 891 3539 non
912 3471 1072 3541 maxima

62 3587 217 3658 narium
231 3587 390 3659 irritatio
409 3599 640 3684 sequeretur.
668 3589 745 3683 Ego
766 3610 857 3661 vcro
881 3609 1071 3674 assensum

62 3703 244 3790 sustinui,
270 3715 441 3774 nontam
463 3701 695 3801 quiaherbae
714 3701 856 3773 nomen
879 3703 950 3774 sibi
968 3705 1072 3774 incoss

62 3821 212 3919 gnitum
230 3844 332 3907 esse,
349 3819 484 3909 aiebat,
499 3845 610 3918 quam
628 3821 716 3916 quia
736 3845 850 3892 suum
864 3819 938 3892 hoc
953 3843 1074 3892 reme·

62 3936 194 4026 dium,
210 3959 458 4032 quaecumque
477 3953 573 4012 esset
590 3937 733 4011 doloris
746 3961 878 4040 causa,
897 3961 1002 4032 aeque
1020 3932 1072 4008 es·
