2842 4672
283 463 328 538 52
447 487 493 534 ns
520 484 665 534 seorsus
688 481 734 531 nr
760 483 891 532 causis
908 485 1116 534 monacnum

282 601 328 673 de
344 597 572 687 suffusione,
599 598 781 694 quamde
806 599 1015 686 amaurosi,
1040 597 1155 670 verba
1172 596 1289 687 liant3

280 719 329 790 ad
346 718 438 790 alios
449 717 646 788 oculorum
666 713 821 786 affectus
839 717 1043 788 veniamus

334 862 388 934 19.
406 839 461 906 De
478 833 785 930 myopiatamen,
798 847 835 903 et
851 835 1042 905 contrario
1051 831 1290 908 huicalfectu

281 955 369 1027 satis
386 963 441 1024 est
457 951 682 1039 admonere,
708 950 843 1022 melius
858 948 1028 1022 futurum
1052 948 1165 1022 luisse
1190 952 1290 1022 nihil

279 1074 321 1143 in
338 1067 586 1166 Sepulchreto
601 1093 715 1164 quam
730 1067 768 1137 id
783 1067 887 1163 quod
904 1068 1005 1166 leges
1024 1067 1078 1165 (r)
1098 1072 1288 1166 proponi,
1384 1107 1386 1112 ν

278 1189 356 1286 jam
369 1187 458 1256 olim
470 1186 653 1280 rejectum
664 1209 684 1254 a
696 1185 864 1282 Plempio
874 1183 939 1282 (a).
952 1185 1117 1256 Platerus
1131 1185 1289 1282 quidem

280 1305 521 1403 ingeniosus,
539 1302 772 1398 doctusque,
787 1316 830 1373 ut
849 1327 894 1373 eo
910 1315 1104 1399 tempore,
1120 1305 1178 1373 vir
1196 1301 1289 1392 fuit,

282 1422 426 1518 etqui,
444 1421 474 1492 si
493 1445 573 1490 non
591 1443 741 1508 verum,
760 1433 803 1489 ut
827 1418 983 1514 quidam
998 1419 1190 1515 judicant,
1207 1436 1290 1492 tum

279 1536 484 1612 retiformis
500 1538 656 1626 tunicae,
675 1552 755 1606 tum
778 1537 981 1633 praesertim
998 1537 1202 1633 crystallini
1218 1537 1290 1609 hu-

280 1658 399 1728 moris
416 1653 581 1726 officium
597 1652 936 1752 primusostendit;
950 1653 997 1726 ad
1009 1679 1142 1725 verum
1151 1656 1288 1752 utiquc

280 1774 439 1874 propius
455 1772 618 1844 accessit.
636 1777 829 1860 Attamen,
846 1772 1051 1866 quasicasu
1062 1773 1291 1861 accessisset,

281 1894 322 1963 in
342 1894 385 1964 iis
402 1915 485 1989 quae
502 1903 634 1988 postea
651 1889 814 1986 scripsit,
832 1887 994 1960 nonsibi
1010 1890 1096 1960 satis
1109 1890 1291 1978 constitit,

282 2024 321 2083 et
337 2026 437 2100 certe
455 2008 501 2080 de
518 2008 604 2080 sede
625 2005 831 2103 crystallini
847 2010 886 2077 in
904 2005 949 2078 iis
963 2008 1029 2103 qui
1038 2030 1127 2077 vera
1138 2006 1292 2105 myopia

282 2127 478 2216 laborant,
497 2126 560 2196 illa
575 2125 721 2222 posuit,
737 2111 819 2220 quae
833 2125 1024 2196 contrario
1034 2121 1184 2198 affectui
1202 2149 1293 2196 con·

281 2248 452 2332 veniunt,
463 2259 499 2315 ct
509 2243 685 2314 vicissim:
696 2243 822 2338 itaque
832 2266 920 2314 vera
928 2241 1067 2313 horum
1080 2239 1290 2314 affectuum

285 2386 416 2447 causa,
441 2385 522 2455 quae
542 2358 696 2453 quidem
711 2384 732 2429 a
749 2359 882 2454 majori
896 2361 935 2430 in
949 2361 1089 2457 prim0,
1105 2385 1127 2430 a
1149 2362 1292 2432 minori

283 2481 324 2551 in
339 2478 456 2558 altero
469 2475 674 2571 crystallini
693 2491 730 2548 et
748 2477 875 2548 retinae
895 2477 1068 2550 distantia
1091 2481 1293 2576 repetitur,

283 2597 430 2668 Platero
448 2617 555 2664 secus
569 2618 611 2664 ac
630 2593 692 2663 alii
709 2595 938 2685 existimant,
956 2596 1085 2693 ignota
1102 2592 1182 2665 fuit.
1201 2597 1292 2684 Quae

284 2737 376 2786 vero
407 2733 523 2781 causae
547 2710 699 2782 aliunde
728 2727 933 2810 petuntur,
960 2728 1001 2784 ut
1024 2736 1045 2783 a
1072 2711 1292 2807 crystallino

285 2831 426 2928 magis,
443 2831 616 2900 minusve
633 2846 696 2902 aut
718 2853 909 2918 converm,
925 2843 989 2900 aut
1012 2828 1155 2916 dense,
1174 2827 1232 2898 hae
1250 2831 1293 2900 in
1411 2909 1412 2930 1

285 2945 533 3046 Sepulchreto
545 2972 595 3018 ne
612 2948 867 3030 nominantur
878 2945 1052 3044 quidem:
1070 2970 1292 3043 quanquam
1311 3027 1315 3032 ¹
1411 2991 1412 3024 1

287 3066 400 3138 ethis
420 3089 499 3135 non
516 3066 642 3136 minus
650 3091 766 3162 quam
782 3066 933 3162 primae,
948 3087 1292 3153 usuconcavorum,

286 3200 352 3256 aut
363 3181 864 3280 convexorumspecillorum
872 3179 1154 3270 medeamur;ut
1163 3182 1291 3271 mirer,

287 3325 434 3373 summo
449 3298 599 3370 cuidam
615 3301 697 3370 viro
715 3296 911 3388 excidisse,
924 3298 1131 3386 haecvitia,
1148 3298 1293 3372 densio

287 3420 339 3488 ris
367 3416 561 3503 videlicet,
588 3431 653 3487 aut
684 3416 835 3486 laxioris
857 3415 1081 3512 crystallini,
1107 3414 1293 3488 medelam
1356 3395 1358 3400 ¹

288 3535 514 3632 dioptricam
528 3557 604 3603 non
617 3532 823 3602 admittere.
838 3535 1010 3630 Denique
1024 3535 1065 3603 in
1075 3532 1294 3631 Sepulchre·

287 3669 346 3739 tc,
363 3657 405 3725 Ν
397 3649 608 3749 yctalopiae
628 3655 782 3721 nomine
800 3650 1017 3748 designatur
1027 3653 1292 3749 opposituS,ut

329 3937 373 4014 (ι)
395 3938 473 3992 Sect.
490 3935 547 3990 hac
562 3934 612 4002 18,
625 3935 763 4010 Append.
780 3953 811 4004 2,
823 3947 901 4010 post.
912 3937 977 3995 obs.
992 3935 1038 3993 33.

329 4035 373 4116 (a)
393 4035 621 4113 Ophthaimogr.
634 4035 655 4090 l.
669 4041 700 4106 4,
712 4033 810 4110 probl.
823 4035 869 4110 39.
