2766 4670
263 301 330 377 152
430 326 476 374 nu
502 323 647 373 sumnus
671 325 715 373 ou
740 325 863 376 ciuus
888 325 1097 380 nouuonuu

260 439 477 511 Sanctoiius
509 453 657 526 noster,
681 438 759 512 haec
789 439 953 514 docens:
973 467 1049 514 esse
1075 449 1114 518 in
1137 442 1284 516 media

254 557 386 656 palati
405 562 575 654 regione,
597 556 639 627 id
654 571 709 628 est
731 563 769 628 in
792 573 927 654 quarto
957 582 1035 632 osse
1060 566 1282 660 superioris

261 673 448 762 maxillce,
467 673 592 746 inillis
610 676 778 746 omnibus
798 699 892 772 quos
909 675 956 748 ad
980 675 1019 747 id
1041 693 1197 777 tempus
1207 683 1279 752 vi*

259 791 372 862 disset
387 797 454 889 qai
470 792 632 862 litteram
645 797 674 862 R
693 799 901 892 exprimere
912 817 989 866 non
994 811 1152 893 possent
1157 851 1168 883 ,
1184 795 1276 868 duo
1379 860 1380 870 ἶ

248 910 449 1004 foramina
466 933 550 1004 quae
565 907 670 982 nullo
691 909 805 982 moda
823 926 958 1009 aperta
979 926 1019 983 et
1035 913 1146 986 obuia
1163 917 1275 986 inve-

258 1033 414 1096 niuntur
433 1032 533 1097 iniis
549 1032 616 1123 qni
629 1024 695 1097 illo
710 1029 849 1120 affectu
865 1044 1053 1102 tenentur:
1064 1054 1152 1126 erga
1171 1047 1273 1102 cau-³

258 1167 341 1214 sam
368 1143 640 1230 immediatam,
668 1167 754 1242 quoe
768 1151 901 1243 posita
917 1153 1048 1244 ponit,
1061 1151 1155 1238 sore
1180 1147 1272 1218 illos

259 1259 355 1332 dnos
368 1275 510 1330 meatus
528 1275 688 1359 apertos.
710 1264 791 1331 Imo
813 1285 893 1334 non
910 1278 1059 1361 apertos
1077 1263 1179 1335 dicet
1197 1263 1269 1348 ali-

259 1378 346 1475 quis
361 1401 441 1447 non
460 1375 661 1448 oscitanter
675 1377 753 1448 haec
768 1378 896 1476 legens
908 1432 919 1467 ‚
933 1393 969 1450 et
983 1377 1176 1476 praefixum
1196 1378 1267 1450 ob·

260 1495 462 1565 servationi
497 1509 760 1591 argumentum
796 1497 1024 1568 attendens:
1056 1496 1265 1568 Balbutiem

253 1611 423 1710 pendere
442 1611 648 1708 aliquando
668 1637 692 1681 a
710 1612 857 1705 defectu
872 1615 1111 1705 foraminum
1138 1619 1266 1711 quarti

262 1734 351 1799 osse's
371 1730 572 1824 sinperioris
595 1727 778 1801 maxilla..
800 1734 941 1802 Verum
969 1732 999 1804 si
1025 1733 1260 1802 sanctorium

261 1843 385 1944 ipsum
415 1848 612 1944 inspiciat,
643 1846 702 1918 his
730 1849 916 1920 contraria
942 1847 1132 1946 scripsisse
1160 1847 1260 1918 iuve-

260 1965 348 2035 niet.
381 1967 426 2034 Se
451 1967 549 2035 enim
575 1965 612 2034 in
631 1964 762 2035 tranlis
777 1964 910 2038 vidisse
937 1965 1007 2045 ait,
1030 1963 1107 2034 duo
1125 1963 1192 2034 illa
1208 1961 1259 2034 fo·

260 2083 422 2170 tamine,
445 2109 531 2179 qnae
551 2081 658 2152 nullo
675 2081 788 2153 modo
815 2082 911 2154 adeo
935 2097 1070 2180 aperta
1094 2095 1131 2151 et
1154 2082 1261 2153 obvio

261 2206 498 2272 inveniantur
518 2205 556 2268 in
582 2205 648 2285 eis,-
670 2206 737 2297 qni
756 2199 821 2271 iilo
845 2199 985 2292 afficto
1003 2213 1149 2284 carent;
1174 2221 1263 2294 ergo

259 2339 375 2387 causo
398 2309 632 2402 immediato,
651 2341 738 2414 qaae
754 2322 888 2415 posita
903 2321 1034 2415 ponit,
1057 2330 1185 2403 enunt,
1204 2316 1263 2386 iu-

262 2434 365 2530 quit,
378 2433 453 2504 duo
474 2433 531 2502 illi
542 2429 685 2505 meatus
691 2433 891 2532 plnsjusto
904 2439 1034 2533 operti.
1047 2431 1154 2520 Vide,
1161 2457 1264 2530 quee-

261 2575 302 2623 so
314 2602 324 2637 ‚
340 2574 417 2646 qua
429 2548 619 2622 interdum
635 2551 778 2622 incuria
792 2567 989 2622 auctorum
1001 2548 1116 2620 verba
1130 2549 1264 2636 descri-

258 2665 414 2740 bantur!
430 2668 497 2738 Hic
510 2683 635 2738 tamen
649 2665 930 2769 is·Sepulchreti
940 2668 1046 2740 loeus
1057 2683 1111 2740 est
1122 2719 1133 2753 ,
1144 2691 1262 2764 quem

258 2798 470 2882 spectantes
484 2786 554 2855 viri
569 2787 860 2883 praestantissimi
877 2786 1126 2883 scripserunt,
1146 2785 1262 2855 Seue-

259 2925 403 2972 TORIUM
416 2901 618 2974 balbutiem
627 2903 789 2997 deflectui
802 2903 933 2974 ductas
944 2907 1083 2973 inaisivi
1093 2902 1262 2972 tribm'sse

258 3018 366 3116 apud
380 3023 560 3092 Bouuuuu
585 3019 775 3121 Sepulcbr.
804 3026 835 3090 I.
852 3018 1097 3118 p.473.·Qui
1114 3018 1144 3088 si
1160 3015 1257 3090 forte

259 3137 440 3208 Sanctorii
461 3153 593 3236 caput,
614 3138 718 3236 quod
740 3137 880 3210 ibidem
899 3136 1065 3231 citatur(
1090 3134 1125 3232 ),
1142 3135 1257 3233 inspi-

259 3275 343 3324 cere
369 3255 612 3344 maluissent3
633 3255 766 3352 procul
792 3252 908 3325 dubio
929 3277 1052 3351 neque
1078 3251 1116 3322 id
1137 3249 1257 3322 credi-

259 3361 420 3456 dissent,
435 3396 559 3468 neque
587 3370 744 3442 ductum
763 3371 960 3442 incisivum
975 3367 1253 3440 intellexissent.

258 3487 471 3559 Sanctorius
488 3489 587 3593 enim
602 3487 716 3586 paulo
735 3485 890 3580 inferius
909 3487 988 3558 haec
1009 3483 1133 3560 addit:
1148 3490 1258 3558 sicuti

271 3845 277 3856 “
294 3843 337 3920 (ι)
358 3841 451 3902 lueth.
466 3845 580 3902 vitand.
599 3864 691 3907 error.
706 3849 726 3902 l.
740 3847 771 3919 3,
784 3867 810 3904 c.
823 3866 852 3922 9.
