2842 4672
308 425 356 507 bo
477 460 523 506 mr
549 459 695 506 seorsus
720 461 764 506 nr
789 459 912 508 causis
938 460 1149 510 nonnonurr

308 573 477 661 Quarum
497 597 615 644 causae
630 574 800 669 quamvis
816 598 913 671 saepe
923 573 1202 672 inspicientium
1223 599 1337 658 ocur

307 689 353 760 lis
370 689 487 760 obviae
500 691 591 778 sint3
609 705 733 762 tamen
745 689 880 763 accidit
892 718 1170 790 nonnunquam
1185 708 1228 764 ut
1241 687 1322 791 pro

309 805 504 880 effectibus
523 810 766 907 accipiantur.
788 811 900 906 Cujus
913 814 968 882 rei
982 810 1078 897 duo,
1097 835 1118 880 a
1136 835 1196 881 me
1214 813 1321 898 visa,

309 950 521 1024 proponam
540 928 723 1024 exempla,
741 928 900 999 alterum
915 931 954 998 in
971 926 1090 999 nobili
1106 929 1205 1015 viro,
1224 927 1321 998 alte·
1404 993 1405 1024 ,

308 1069 393 1114 rum
414 1045 453 1112 in
476 1045 661 1116 molitore.
685 1051 765 1116 Hoc
791 1046 922 1117 adme
950 1045 1128 1132 adducto,
1153 1060 1195 1116 ut
1220 1044 1320 1142 quid

308 1162 388 1231 vitii
403 1162 443 1231 in
461 1185 600 1233 cornea
621 1189 665 1234 ex
686 1165 788 1262 gravi
807 1163 1042 1262 ophthalmia
1060 1164 1151 1234 oriri
1171 1163 1318 1262 incipe·
1404 1199 1405 1248 γ

308 1294 384 1366 ret,
399 1279 619 1370 edocerem,
635 1283 674 1350 in
689 1282 789 1353 illius
802 1283 927 1354 medio
943 1283 1114 1380 exiguam
1129 1283 1318 1353 maculam

308 1397 554 1468 animadverti
567 1396 698 1470 circuli
717 1397 853 1488 forma,
868 1399 1031 1470 albidam
1046 1397 1092 1468 ad
1108 1399 1317 1489 ambitum,

310 1515 350 1584 in
368 1531 499 1586 centro
517 1516 746 1612 subnigram,
764 1521 859 1588 Cum
879 1518 1101 1606 sciscitarer,
1117 1516 1209 1613 quid
1228 1542 1317 1588 cau-

310 1657 356 1704 sae
369 1633 530 1706 dedisset
543 1633 848 1722 inflammationi,
861 1636 941 1732 ipse
957 1651 1080 1706 autem
1096 1632 1316 1705 inchoatam

311 1751 451 1828 diceret
481 1777 525 1823 ex
551 1778 628 1849 quo
653 1753 724 1824 sibi
750 1753 888 1822 molam
915 1753 1050 1824 malleo
1080 1753 1316 1849 exasperanti
1404 1799 1405 1830 t

310 1870 478 1966 quaedam
498 1873 536 1942 in
550 1870 703 1942 oculum
717 1871 969 1960 resiluerunt,
986 1872 1067 1967 quae
1082 1885 1208 1940 tamen
1226 1895 1317 1940 con·
1404 1853 1405 1928 ἐ

310 1988 416 2059 tinuo
437 1991 606 2079 eluisset,
620 1992 827 2088 suspicatus
842 1988 946 2087 quod
962 1985 1226 2075 erat‚.infixam
1246 1987 1314 2059 ali·

280 2119 287 2138 ⁵
310 2131 423 2203 quarn
441 2094 590 2206 lapidis,
611 2109 670 2180 vel
690 2110 814 2206 potius
826 2105 915 2179 ferri
932 2107 1154 2204 particulam
1172 2107 1213 2175 in'
1230 2130 1313 2176 cor·
1404 2133 1405 2158 ³

269 2297 272 2302 ,
308 2249 399 2311 nea,
426 2224 493 2296 ubi
515 2243 594 2298 erat
613 2228 772 2313 macula,
792 2227 986 2313 restitisse,
1006 2223 1171 2320 indeque
1190 2238 1313 2294 ortam
1404 2297 1405 2326 ζ

310 2365 392 2436 quae
414 2343 510 2412 male
531 2341 704 2431 haberet,
730 2342 1079 2428 inflammationem,
1100 2357 1312 2438 magnetem
1404 2403 1405 2452 ,

256 2493 258 2498 ·
310 2457 543 2529 modicarum
568 2462 703 2531 virium
727 2461 841 2534 semel
863 2476 975 2558 atque
996 2461 1134 2552 iterum
1155 2462 1313 2557 propius
1404 2463 1405 2476 ³

310 2575 478 2664 admovi,
497 2593 533 2648 et
547 2577 771 2677 subnigrum
784 2578 876 2650 illud
887 2579 933 2650 de
951 2604 1028 2676 quo
1044 2593 1152 2649 antea
1168 2577 1312 2648 dictum

310 2707 382 2780 est,
402 2719 421 2764 e
446 2696 591 2766 macula
606 2697 683 2792 jam
703 2696 888 2768 nonnihil
910 2713 1039 2768 extare·
1057 2683 1239 2766 continuo
1258 2696 1314 2765 in·
1404 2685 1405 2750 l

206 2863 208 2868 ¹
308 2810 451 2898 tellexi‚
469 2828 668 2910 propterea
681 2815 785 2912 quod
797 2816 836 2885 in
850 2812 1060 2886 claudendo
1073 2813 1183 2884 oculo
1202 2837 1313 2910 supe·
1404 2829 1405 2878 3

308 2929 387 2999 rior
400 2929 580 3027 palpebra
595 2935 715 3030 asperi
735 2931 877 3030 aliquid
888 2956 933 3002 eo
952 2932 991 3000 in
1007 2931 1093 3001 loco
1114 2931 1310 3028 percipere
1404 3013 1405 3018 ἵ

309 3041 523 3144 incipiebat.
541 3049 612 3120 Sed
623 3052 699 3122 sive
712 3051 775 3120 illa
788 3047 914 3120 ferreae
925 3049 1052 3120 scoriae
1063 3045 1185 3145 figura
1195 3061 1310 3134 esset,

307 3179 350 3235 ut
363 3161 649 3261 profundiorem
663 3182 807 3266 partem
821 3164 978 3237 haberet
987 3165 1101 3263 paulo
1115 3165 1309 3252 latiorem,

308 3281 383 3352 sive
398 3285 522 3379 potius
537 3284 687 3356 imbutae
701 3282 925 3354 humoribus
939 3297 1209 3380 turgentesque
1227 3305 1309 3352 cor-

306 3425 385 3470 neae
412 3399 515 3472 librae
535 3429 648 3500 quam
666 3390 767 3501 ¹inter
787 3403 889 3473 initia
910 3395 1118 3474 remissurae
1137 3398 1309 3488 fuissent,
1404 3399 1405 3410 ³

306 3533 434 3614 postea
451 3501 587 3592 arctius
598 3520 799 3617 complexae
815 3518 967 3591 infixam
982 3517 1204 3616 particulam
1220 3517 1310 3588 reti-

306 3649 461 3725 nerent3
480 3663 558 3709 non
574 3639 680 3709 licuit
691 3662 735 3708 eo
753 3639 905 3736 quidem
922 3636 982 3708 die
1000 3633 1212 3724 extrahere,
1231 3636 1309 3704 imo

306 3754 527 3826 cessandum
544 3756 669 3853 potius
688 3757 816 3826 censui
836 3781 880 3826 ex
900 3780 978 3852 quo
997 3753 1114 3824 homo
1132 3754 1199 3843 ait,
1217 3777 1309 3850 quo·

303 3873 373 3944 ties
399 3898 552 3971 magnes
578 3873 861 3962 admoveretur,
888 3875 997 3945 toties
1023 3873 1176 3944 oculum
1201 3873 1309 3970 quasi

303 3993 385 4088 rapi
409 4005 620 4089 magnetem
640 4017 787 4081 versus,
810 4017 890 4066 non
917 3993 995 4064 sinc
1022 3989 1165 4062 doloris
1188 3990 1310 4061 incre·
