2750 4658
119 470 193 518 ιιι.
220 465 261 515 ιι.
289 465 336 514 ιιι
361 459 497 514 nonne
522 461 722 529 nuenton,
747 463 858 516 ense.
885 469 944 517 xv.
973 446 1043 523 205

36 582 238 684 proposuit
252 583 454 652 Mortonus
469 575 525 676 (1)
538 576 553 672 )
567 580 739 676 quamvis
749 580 882 654 calculi
892 610 971 656 non
985 611 1044 659 so-

36 687 113 774 lum
128 699 266 773 idonei
283 698 407 772 &ent
422 693 470 768 ad
490 694 752 786 lacerandum,
770 689 982 793 sedetiam,
1002 719 1045 777 ut

38 821 73 890 in
93 816 328 917 quibusdam
347 811 512 886 ostendit
536 828 689 910 sputum
715 817 921 915 sanguinis,
949 822 1045 895 lace·

39 950 196 1010 nossent.
663 949 666 958 '

84 1053 140 1128 23.
170 1053 276 1144 Quin
291 1049 441 1148 sanguis
461 1072 504 1120 ea
529 1070 808 1148 nonnunquam
829 1055 938 1152 copia
956 1081 1046 1155 pro-

41 1173 122 1260 diit,
139 1185 187 1243 ut
198 1166 526 1256 occideretwelut
545 1190 768 1268 generosum
784 1170 891 1244 illum
910 1175 1046 1266 virum,

43 1313 150 1387 quem
176 1285 393 1358 Dodonaeus
411 1283 484 1383 (ι),
506 1283 769 1358 vehementem
792 1289 947 1386 quidem
969 1305 1047 1366 tus·
1165 1370 1167 1378 ,

43 1408 125 1494 sim,
155 1420 198 1477 at
226 1403 399 1475 dolorem
425 1402 575 1474 nullum
599 1429 832 1495 memorans,
859 1408 1048 1483 calculum

45 1547 131 1622 saepe
148 1519 382 1610 excrevisse,
407 1535 553 1612 narrat,
572 1511 694 1620 quiin
713 1529 887 1597 extremis
902 1551 1048 1626 asperoe

46 1645 192 1714 arterioe
211 1637 365 1710 ramulis
381 1661 430 1710 nc
432 1640 712 1737 propaginibus
727 1656 853 1731 natus,
869 1642 944 1714 loci
942 1647 1048 1741 figit-

48 1783 119 1829 ram
137 1757 344 1851 refierebat,
353 1757 490 1848 forma
511 1755 709 1852 oblongus,
728 1771 836 1844 teres,
860 1765 1049 1858 tenuisque

50 1875 196 1949 subinde
213 1873 366 1946 adnotes
387 1874 554 1946 brevibus
575 1872 743 1947 ramulis.
769 1879 929 1964 Contra,
954 1877 1050 1950 nihil

51 1996 170 2092 rejecit
184 1992 380 2091 sanguinis
399 1992 457 2062 vir
478 1991 578 2082 alten
589 1989 667 2088 (3),
687 1993 755 2089 qui
772 1992 847 2065 levi
862 1992 1051 2092 dyspnen,

54 2111 147 2183 nullo
163 2125 294 2184 autem
306 2108 440 2180 dolore
455 2122 625 2198 vexatus,
639 2109 822 2206 plurimas
837 2111 876 2181 in
887 2125 1052 2210 utroque

54 2230 226 2326 pulmone
244 2225 379 2298 habuit
392 2224 594 2325 tophaceas
608 2227 891 2316 concretiones,
909 2234 1054 2326 magni-

56 2345 170 2418 tudine
178 2343 1052 2441 avellanassatgrandesoeqnantes3multisacu·

57 2476 103 2534 tas
110 2469 219 2536 uncis
226 2503 242 2551 ‚‹
261 2467 328 2561 qni
348 2487 388 2533 se
413 2485 452 2534 se
471 2461 735 2534 bronchiornm
748 2460 921 2560 pluribus
940 2471 1054 2539 ramis

60 2583 263 2678 infigebant.
278 2579 432 2652 Scilicet
443 2579 494 2648 ab
506 2583 611 2650 initio
623 2578 766 2669 molles,
779 2597 1056 2680 nesampserant

59 2703 180 2769 sensim
196 2701 464 2773 continentium
482 2695 672 2766 canalium
674 2697 847 2794 flgzeram
858 2704 1054 2791 internam,

58 2819 302 2912 sicqnenneos
310 2817 457 2913 passim
460 2815 741 2905 formaverunt,
761 2816 826 2886 ubi
835 2839 884 2886 ex
899 2841 975 2887 nno
990 2841 1055 2888 ca-

60 2931 127 3002 nali
137 2939 206 3005 vio
220 2938 259 3002 in
271 2930 431 3002 alterum
433 2932 605 3028 patebat.
620 2932 860 3004 Conveniunt
876 2929 954 3005 haec
967 2959 1056 3006 cum

59 3048 246 3147 Plateriffi)
261 3046 536 3136 observationi,
551 3048 618 3145 qui
635 3048 878 3145 pulmonares
892 3051 1056 3125 calculos

60 3187 145 3238 nunc
145 3165 312 3267 planos,
328 3186 426 3236 nunc
442 3163 664 3261 inaequales,
684 3178 722 3234 et
730 3187 805 3262 pro
821 3170 966 3238 ratione
981 3193 1057 3238 va-

60 3305 175 3356 sorum
200 3283 309 3382 tophi
330 3287 450 3354 instar
456 3283 651 3373 formatos
668 3279 878 3378 aliquando
896 3287 1057 3357 sectione

61 3422 94 3469 se
118 3398 404 3501 deprehendisse
421 3397 623 3492 *retulerat
646 3402 727 3470 Jam
749 3423 841 3472 vcro
866 3415 953 3499 post
975 3403 1057 3482 lon·

126 3726 138 3803 )
157 3727 191 3784 C.
210 3725 260 3782 cit.
279 3723 530 3800 suprsadn.21.

97 3723 141 3903 g)
161 3825 263 3901 Apud.
278 3819 424 3882 Stheneli.
437 3825 495 3881 loc.
507 3822 557 3881 cit.
572 3839 662 3898 supra
674 3815 713 3880 ed
724 3841 755 3880 ιι.
772 3841 820 3901 ι9.

99 3922 141 4001 (3)

161 3925 412 3984 Commerc.'Litt.
428 3942 476 3982 an.
493 3924 586 3998 1743,
600 3922 696 3981 Hebd.
715 3923 765 3996 13,
779 3943 809 3981 n.
826 3941 854 3980 ι.

101 4019 144 4104 (lt)
164 4025 242 4088 sect.
259 4025 485 4106 hncsepulchr.
499 4043 535 4100 1,
550 4024 583 4083 in
594 4023 749 4087 snotsd
759 4023 824 4084 obs.
839 4027 885 4090 41.
