2832 4662
234 501 302 554 Lm.
330 507 371 554 11.
400 507 445 552 DE
471 504 606 553 MOERIS
630 501 828 567 montom,
852 502 964 550 Ertsr.
990 503 1050 562 xx.
1076 477 1144 550 6οῐ

144 621 623 710 raciscavoemanavitQui
633 617 812 692 ineodem
825 640 916 689 cavo
929 633 1007 688 erat
1017 617 1149 715 pulmo

144 739 252 809 valde
282 737 522 824 induruerat,
548 737 595 809 ad
622 735 852 808 subvirirlem
878 735 1043 806 colorem
1067 759 1150 805 ver·

145 879 257 953 gens,
277 856 471 954 nigrisque
488 853 684 926 distinctus
701 854 856 925 maculis
874 879 882 921 ε
902 877 987 924 cum
1008 876 1150 924 secare-

142 987 225 1061 tur,
244 997 369 1044 serosa
395 996 437 1044 ac
459 971 609 1071 putrida
633 973 813 1044 colluvies
830 996 915 1042 cum
939 972 1049 1044 misto
1068 995 1150 1042 san-

144 1091 258 1188 guine
276 1089 508 1190 erumpebat.
527 1095 571 1162 In
585 1089 709 1164 cordis
727 1089 944 1164 ventriculis
961 1087 1150 1187 polyposae

143 1209 418 1310 concretiones.

193 1326 251 1414 46.
281 1331 361 1398 Hoc
385 1327 425 1396 in
443 1349 530 1399 casu
557 1325 675 1423 liquet
698 1322 850 1422 utique,
872 1328 911 1396 in
938 1349 1053 1422 quem
1074 1323 1151 1394 exi·

142 1443 282 1516 tiosum
300 1442 478 1514 morbum
504 1442 697 1540 pulmonis
715 1427 967 1520 ,inflammatio
988 1443 1153 1542 degene-

142 1575 270 1632 rasset.
286 1565 427 1632 Verum
440 1559 517 1630 non
530 1561 664 1657 liquet,
678 1585 746 1631 cur
758 1559 956 1632 decubitus
973 1570 1152 1630 neutrum

142 1679 184 1748 in
197 1678 293 1750 latus
310 1675 399 1750 ferri
415 1693 561 1777 posset,
580 1703 704 1775 neque
717 1702 784 1748 cur
801 1675 944 1748 dolora
961 1690 1090 1748 sterno
1104 1675 1153 1747 ad

141 1796 290 1868 medios
317 1794 433 1867 ferme
460 1795 674 1868 abdominis
705 1795 894 1869 musculos
925 1793 1152 1892 pertineret3

141 1913 216 1984 nisi
236 1911 332 1985 forte
349 1914 635 2012 permolestum,
652 1913 875 2011 irritamque
897 1913 1028 1984 tussim
1048 1935 1155 1983 accu-

142 2053 221 2120 ses,
238 2056 259 2103 a
282 2057 356 2129 qua
374 2056 534 2130 magnus
554 2046 654 2104 certe
671 2031 733 2102 ille
759 2030 870 2102 dolor
886 2031 934 2102 ad
950 2029 1154 2101 mamillam

143 2147 354 2236 sinistram,
367 2162 403 2221 et
421 2164 541 2221 costas
556 2149 701 2246 spurias
712 2147 795 2230 fieri
813 2147 1048 2222 credebatur.
1067 2149 1154 2237 Qui,

143 2264 175 2336 si
191 2279 234 2336 ut
250 2265 414 2354 videtur,
440 2289 482 2337 ac
510 2265 624 2355 solet,
650 2291 823 2364 pungens
848 2281 942 2354 erat3
966 2266 1052 2338 satis
1075 2266 1154 2360 ejus

142 2380 1155 2481 causanonintelligitur·,nisiconjiciasomissamforte
1207 2429 1210 2434 ·

143 2525 165 2570 a
182 2498 353 2571 Valsalva
370 2499 591 2572 inflammati
613 2503 806 2600 pulmonis
826 2501 874 2573 ad
894 2501 972 2572 haec
996 2501 1079 2573 loca
1094 2499 1156 2571 ad·

143 2613 370 2688 haesionem:
388 2643 463 2716 qua
476 2621 616 2718 posita,
633 2617 981 2719 faciliusappareat,
999 2643 1156 2716 quomo·

142 2734 194 2806 do
211 2735 251 2805 in
267 2737 480 2809 exsectione
497 2740 631 2828 sterni,
653 2763 740 2810 cum
758 2737 925 2811 thoracis
944 2749 1079 2809 neutra
1096 2761 1155 2808 ca·

142 2875 210 2924 vea
230 2875 314 2924 sero
332 2868 429 2924 esset
447 2853 580 2951 plena,
597 2855 752 2952 prodire
765 2854 861 2931 illud
875 2877 1060 2953 paucum,
1079 2851 1155 2926 fus·

145 2992 308 3066 cumque
324 2989 449 3040 serum
468 2972 634 3067 potuerit
655 2997 674 3044 e
695 2973 843 3043 sinistra
860 2971 1016 3069 quidem
1029 2969 1156 3042 thora-

151 3086 202 3156 cis
226 3095 352 3186 pa'rte,
372 3087 513 3160 scilicet
530 3089 581 3160 ob
603 3089 801 3160 laceratam
827 3086 1063 3186 superficiem
1090 3111 1156 3159 an-

145 3205 249 3292 nexi,
268 3219 305 3276 et
326 3204 482 3302 putrida
511 3229 713 3303 serosaque
735 3205 895 3276 colluvie
911 3204 1157 3278 redundantis

148 3320 351 3418 pulmonis.
369 3322 441 3394 Sed
458 3323 536 3394 haec
554 3350 600 3396 ex
610 3325 828 3420 conjectura
838 3323 1030 3394 duntaxat.
1043 3321 1157 3413 Quod

145 3439 285 3509 sicum
309 3441 379 3510 ista
406 3442 721 3539 peripneumonia
752 3440 994 3537 conjunctam
1016 3441 1156 3538 pleurae

144 3552 481 3628 inflammationem
499 3559 726 3655 legeremus,
746 3558 927 3656 pleraque
946 3558 1163 3656 intelligere

145 3665 289 3745 facilius
300 3673 445 3763 liceret,
464 3701 546 3772 quae
558 3701 646 3750 sane
657 3679 696 3746 in
711 3676 918 3775 pleuriticis
928 3674 1157 3773 quibusdam

145 3788 392 3887 contingunt,
412 3805 448 3862 et
467 3816 487 3863 a
507 3793 618 3864 Caelio
637 3819 792 3892 quoque
807 3793 1011 3864 Aureliano
1028 3790 1158 3888 (1)αά-

154 3961 1158 3990 *w

187 4058 231 4138 (r)
251 4045 339 4120 aeut.
356 4083 435 4140 pass.
450 4066 472 4123 l.
488 4084 521 4142 a,
536 4086 562 4126 c.
582 4075 629 4137 ¹4·
