2832 4662
269 409 272 414 ’
304 413 375 488 586
463 441 509 486 ur
535 437 749 486 senneser
773 435 897 486 censis
922 437 1133 486 moruorum

301 553 462 640 arteriae,
476 555 689 652 extimaque
706 553 822 625 totius
838 554 1012 651 corporis
1032 551 1236 652 superficie
1260 555 1318 626 in·

301 669 467 744 visibiles
484 669 658 769 quidem,
672 671 739 743 sed
752 671 961 744 innumerae
969 671 1111 768 jugiter
1123 670 1318 770 prodeun·
1412 715 1413 768 ,

300 806 358 863 tes
374 789 564 890 particulae
588 787 859 863 cohibeanturr
883 787 941 860 hae
965 812 1035 888 per
1051 788 1126 862 alia
1154 789 1318 862 aliarum
1412 769 1413 858 l

302 907 609 979 membranarum
626 904 851 980 foraminula
870 907 1013 979 exitum
1027 905 1250 996 molientur,
1262 932 1318 980 ea·
1412 929 1413 1002 ξ

302 1050 466 1124 rumque
476 1027 796 1124 praesertim,quae
808 1025 929 1124 magis
938 1039 1031 1097 tunc
1043 1023 1232 1116 calentes,
1246 1049 1320 1098 ma·

302 1144 359 1242 gis
374 1167 531 1242 quoque
541 1142 900 1241 patuloshabebuut
910 1163 1043 1242 poros,
1060 1141 1137 1214 hoc
1153 1157 1215 1214 est
1230 1142 1317 1216 tlro-
1412 1133 1413 1170 l

301 1283 427 1334 racem
443 1263 565 1350 intus,
578 1263 737 1358 ejusque
751 1261 894 1334 viscera
911 1261 1231 1334 convestientium
1244 1288 1253 1330 :
1267 1263 1318 1334 is·

302 1403 379 1476 que
399 1380 470 1452 erit
487 1379 608 1451 exitus
630 1394 736 1451 tanto
764 1376 927 1468 facilior,
952 1392 1097 1477 quanto
1122 1376 1317 1453 difficilior

302 1497 495 1594 sanguinis
513 1521 581 1596 per
598 1498 800 1595 pulmones
814 1497 1011 1585 transitus,
1033 1510 1071 1569 et
1085 1519 1205 1568 morae
1226 1521 1316 1596 pro-

302 1614 913 1716 pior,quantoque'crebriures,et
925 1612 1316 1703 validiores,adhunc

303 1733 600 1832 expediendum,
618 1733 783 1806 thoracis
802 1747 959 1804 conatus
975 1732 1052 1803 sive
1064 1731 1316 1829 respirando,

301 1851 379 1925 eive
397 1851 601 1923 tussiendo.
623 1852 680 1922 Sic
695 1851 797 1922 enim
816 1850 929 1924 simul
940 1874 986 1922 er
1002 1847 1314 1922 membranarum

303 1970 408 2067 poris
424 1967 579 2044 uberius
594 1968 734 2040 humor
748 1969 997 2068 exprimetur:
1014 1967 1184 2064 quicum
1199 1969 1314 2041 semel

303 2086 414 2158 laxati
431 2084 570 2159 fuerint
590 2102 627 2160 et
646 2085 809 2176 dilatati,
831 2086 898 2157 uel
917 2109 985 2183 per
1001 2109 1042 2157 se
1058 2100 1222 2182 pergent
1241 2087 1316 2170 exi·

302 2219 384 2275 turn
402 2229 486 2277 sero
504 2202 710 2276 faciliorem
729 2202 906 2302 prebere.
933 2208 1017 2274 Haec
1040 2217 1167 2274 autem
1185 2205 1315 2278 omnia

301 2323 341 2392 in
353 2321 397 2394 iis
407 2324 524 2421 magis
539 2321 646 2411 fient,
660 2345 824 2419 quorum
839 2335 921 2392 tum
936 2345 987 2394 eae
1000 2318 1233 2392 membranae
1244 2345 1316 2393 ma·

303 2440 359 2538 gis
372 2456 485 2514 erunt
501 2439 548 2512 ad
562 2439 602 2511 id
618 2455 753 2539 parato
772 2453 884 2537 atque
900 2439 1111 2537 dispositu,
1129 2452 1213 2510 tum
1229 2464 1314 2512 sau·

303 2558 387 2655 guis
418 2560 536 2655 magis
562 2554 674 2630 foetus
699 2557 831 2655 aqueis
858 2555 1105 2655 corpusculis.
1136 2557 1256 2646 Quod
1284 2557 1313 2630 si

304 2688 509 2770 utrumque
526 2674 679 2764 horum,
691 2691 729 2748 et
741 2699 873 2746 eorum
886 2699 971 2772 quae
980 2673 1097 2746 modo
1110 2672 1213 2747 dicta
1227 2689 1313 2747 sunt

304 2789 429 2887 aliqua
449 2807 581 2864 contra
598 2817 636 2866 se
655 2791 871 2881 habebunt,
887 2807 981 2864 tuuc
1000 2805 1065 2864 aut
1085 2789 1232 2881 levior,
1252 2806 1314 2863 aut

304 2908 1068 3014 nullaseriinthoracem‚etpericardium
1078 2909 1151 2982 erit
1164 2906 1311 2982 effusio.

302 3029 396 3098 Nam
415 3027 476 3100 vel
490 3027 529 3099 in
545 3028 727 3101 hactenus
744 3031 947 3128 propositis
960 3025 1312 3115 observationibus,

303 3160 346 3217 ut
365 3147 500 3245 partim
513 3149 653 3220 suntin
671 3146 809 3243 quibus
828 3171 925 3244 aqua
942 3147 982 3217 in
999 3145 1174 3233 thorace,
1191 3159 1231 3218 et
1246 3169 1312 3244 pe·

302 3265 465 3337 ricardio
481 3265 632 3338 inventa
649 3264 896 3354 describitur,
908 3291 910 3298 ·
922 3265 979 3337 sic
1002 3263 1140 3362 partim
1160 3264 1310 3335 suntin

302 3382 442 3478 quibus
458 3407 538 3455 non
552 3398 802 3472 memoratur,
822 3382 948 3480 aliqua
973 3382 1085 3454 etiarn
1102 3386 1142 3452 in
1159 3405 1239 3478 qua
1258 3379 1311 3477 (t)

304 3499 441 3572 diserte
454 3499 774 3590 adnotatur,nihil
786 3523 891 3597 aquae
903 3502 942 3570 iu
957 3497 1171 3598 pericardio
1186 3494 1309 3572 fuisse.

305 3623 447 3691 Verum
464 3617 526 3692 hic
545 3621 643 3692 duos
656 3619 695 3692 iu
710 3617 850 3717 quibus
867 3617 1030 3717 plurima·
1046 3615 1312 3714 fuit,juveues
1412 3605 1413 3676 l

344 3987 389 4066 (1)
409 3993 525 4066 Supra,
542 4009 573 4049 n.
589 3995 636 4056 al.
