2766 4670
299 469 367 570 196
458 489 504 536 nn
530 483 675 534 scottus
700 483 744 530 nr
769 481 893 531 ctusts
918 479 1128 534 uonnonort

297 630 370 706 que
389 601 445 676 fac
463 601 585 700 legas,
605 612 647 670 ut
662 621 731 696 ego
747 597 861 684 olim,
880 595 1079 695 plerasque
1104 597 1288 688 historias,

297 722 435 822 quibus
452 732 604 791 centum
623 713 901 815 propemodum
926 730 1096 788 auctores
1112 716 1288 807 calculos,

295 840 481 938 tophosve
510 846 795 934 proposuerunt
821 825 913 904 tussi
944 833 1133 923 exclusos,
1161 838 1287 907 autin

296 952 543 1058 pulmonibus
558 965 745 1048 repertos3
763 949 898 1048 procul
919 949 1036 1022 dubio
1061 951 1155 1022 mihi
1176 976 1287 1026 assen-

296 1077 410 1149 tieris.
421 1073 551 1144 Plures
565 1067 667 1166 apud
677 1067 867 1138 Rhodium
881 1065 935 1165 (1)
946 1066 1126 1142 indicatas
1140 1068 1285 1160 videbis,

296 1193 386 1264 alias
402 1187 502 1288 apud
519 1186 723 1259 Henricum
740 1183 985 1256 Meibomium
1001 1185 1074 1284 (n),
1093 1186 1183 1259 alias
1196 1187 1284 1286 apud

194 1369 196 1374 .
296 1308 490 1381 sachsium
501 1302 582 1401 (3),
601 1325 762 1401 quarum
776 1301 1042 1400 penultimam,
1059 1327 1108 1376 ne
1124 1319 1162 1376 te
1173 1329 1284 1376 more·

296 1441 361 1499 tur
380 1448 486 1498 error
501 1420 744 1521 typographi,
762 1421 885 1493 Paavii
906 1443 985 1493 esse
1007 1422 1117 1511 scit03
1135 1422 1201 1494 sed
1219 1423 1285 1521 plu·

296 1545 427 1631 rimas,
439 1557 483 1614 ut
496 1541 664 1612 omittam
683 1553 851 1628 centenos,
863 1537 962 1638 apud
978 1537 1287 1637 Schenckium(4)‚

295 1661 465 1759 quiante
484 1659 569 1731 illos
588 1656 682 1754 quas'
698 1670 787 1728 tunc
804 1658 947 1755 potuit,
964 1681 1044 1728 non
1062 1656 1180 1729 modo
1202 1656 1287 1728 indi-

225 1841 233 1852 .
296 1778 414 1867 cavit,
431 1776 622 1850 sedetiam
638 1773 845 1872 descripsit.
861 1778 905 1844 In
922 1774 1157 1873 Sepulchreti
1175 1790 1286 1846 autem

297 1873 502 1968 sectionem
513 1893 611 1966 hanc
627 1896 646 1962 Ι·
661 1893 730 1965 etsi
746 1892 806 1964 vel
820 1892 992 1990 quaedam
1009 1893 1154 1983 Crucii,
1171 1893 1285 1980 Blasii,

296 2014 480 2102 Saxoniae,
493 2009 691 2083 Gendrotii
709 2009 832 2082 relatae
853 2025 1062 2108 sunt,quas
1076 2009 1123 2082 ab
1142 2010 1223 2084 aliis
1238 2011 1286 2080 in·

296 2129 415 2202 dicari
447 2153 526 2200 non
548 2125 722 2216 memini}
740 2141 867 2199 tamen
892 2142 1027 2226 praeter
1050 2151 1111 2200 eas
1133 2149 1231 2226 quae,
1251 2141 1286 2208 ut

295 2246 519 2320 dissectione
543 2259 732 2333 carentes,
759 2245 806 2316 ad
828 2246 1043 2318 institutum
1062 2269 1142 2316 non
1165 2247 1286 2318 attine·

292 2362 405 2453 bant,
418 2365 562 2461 aliquot
575 2361 778 2450 incudem,
795 2363 1051 2461 proximisque
1068 2363 1286 2436 sectionibus

293 2484 448 2554 omissas
457 2477 723 2569 animadverti,
740 2504 823 2577 quae
841 2505 886 2552 ex
897 2480 1015 2578 'paulo
1031 2495 1118 2552 ante
1140 2481 1284 2554 laudatis
1357 2463 1358 2483 ¹

293 2596 539 2695 scriptoribus
547 2597 667 2694 accipi
684 2599 915 2694 potuissent,
930 2611 994 2668 aut
1009 2621 1054 2667 ex
1067 2597 1284 2694 quibusdan
1356 2617 1357 2645 ³

291 2730 384 2788 tunc
400 2714 507 2786 editis
521 2718 691 2786 Caesareae
709 2715 917 2787 Academiae
936 2714 1197 2789 voluminibus
1208 2719 1221 2815 (
1232 2715 1284 2812 5),
1355 2795 1356 2808 χ

290 2833 459 2930 itemque
477 2855 522 2904 ex
540 2832 637 2919 aliis,
654 2846 696 2904 ut
711 2833 875 2906 Contulo
893 2831 967 2930 (6),
986 2847 1023 2904 et
1039 2832 1161 2905 multo
1180 2835 1284 2932 magis

290 2953 471 3023 Mortono
495 2947 567 3046 (7),
590 2947 731 3020 nedum
749 2974 795 3021 ex
817 2951 861 3022 iis
882 2948 1010 3038 libris,
1036 2951 1104 3048 qui
1129 2952 1282 3024 necdum

391 3335 475 3392 Ceut.
494 3351 527 3403 ι,
544 3333 616 3389 Obs.
631 3335 712 3390 Med.
731 3333 759 3391 3.

390 3433 518 3492 Exercit.
530 3433 609 3489 Med.
622 3433 659 3489 dc
671 3433 797 3489 Observ.
809 3451 869 3490 rar.
876 3473 887 3502 ,
902 3443 974 3507 etc.‚
988 3453 1019 3490 ιι.
1037 3452 1091 3507 ιο,
1104 3453 1153 3494 21.

388 3528 464 3608 Eph.
477 3535 515 3590 N.
528 3534 561 3590 C.
576 3535 645 3589 Dec.
662 3552 692 3604 1,
709 3536 747 3589 A.
761 3551 795 3606 2,
809 3534 875 3591 obs.
892 3536 944 3593 181
958 3536 991 3592 in
1004 3531 1097 3594 schol.

387 3632 459 3691 Obs.
474 3633 555 3690 Med.
567 3651 626 3690 rar.
640 3633 660 3690 l.
674 3651 706 3706 n,
723 3633 778 3690 ubi
788 3633 826 3692 de
839 3636 934 3692 Pulm.
947 3637 1059 3693 Calcul.
1073 3629 1275 3694 oumStrrtitsii

282 3733 376 3793 Addit

386 3825 507 3900 Deos,
519 3831 556 3886 A.
570 3831 601 3901 3,
616 3829 680 3890 obs.
695 3850 749 3903 71,
764 3852 819 3904 72,
835 3833 910 3907 248,
924 3836 1001 3896 οιΑ.
1017 3839 1050 3908 t,
1063 3836 1129 3895 obs.
1147 3851 1209 3910 roo

384 3933 429 3987 De
441 3929 579 4005 Lapidib.
593 3932 735 4008 Podagr„
749 3943 823 4006 eto,
842 3952 869 3992 c.
883 3933 913 3993 8.
