2832 4662
207 458 276 506 ma.
303 457 344 504 11.
373 453 420 502 na
445 451 581 504 uostris
607 455 797 505 ruonncrs.
826 456 937 504 arrsr.
964 461 1023 506 xx.
1053 436 1121 535 577

123 584 326 659 memorat,
345 591 417 668 pro
428 571 616 666 anginosis
627 593 826 667 perperam
836 569 1004 664 habitos,
1020 601 1041 646 a
1057 603 1125 674 pu-

122 690 173 761 ris
191 689 300 787 copia
312 688 431 785 repeti
448 701 596 786 poterat
610 711 692 783 quae
708 703 803 760 esset
812 687 851 758 in
865 689 1121 786 pulmonibus.

123 811 198 879 Cur
217 805 343 876 minor
364 803 619 900 respirationis
640 801 839 876 difficultas
857 831 902 876 ex
923 833 1000 906 quo
1016 825 1124 906 sputa

123 948 167 996 ex
184 922 385 996 uberrimis
398 945 519 1020 pauca
536 935 624 993 sunt
643 920 761 994 facta?
775 926 858 1014 Qua
872 927 1017 1000 ratione
1032 928 1129 1012 levis,

121 1037 234 1112 febris
242 1041 440 1136 conjuncta
450 1035 562 1109 fuerit
571 1063 665 1125 cum,
669 1040 983 1138 peripneumonia
995 1072 1004 1135 ;
1018 1045 1123 1120 bunc

123 1161 222 1230 enim
237 1157 416 1229 morbum
437 1153 551 1227 fuisse
567 1155 607 1226 in
629 1180 675 1228 eo
691 1159 791 1247 viro,
809 1159 980 1234 Valsalva
997 1165 1064 1259 qui
1086 1179 1124 1236 et

121 1274 307 1345 viventem
323 1272 440 1362 vidit,
456 1287 493 1345 et
508 1287 702 1345 mortuum
720 1278 852 1365 secuit,
869 1303 948 1350 non
972 1280 1123 1355 dubita-

120 1391 202 1483 bat3
225 1392 378 1464 titulum
405 1393 506 1461 enim
530 1389 620 1461 buic
647 1390 900 1464 observationi
925 1398 1123 1500 adscripsit

82 1595 85 1603 .
120 1507 167 1580 de
184 1508 394 1578 Publionia.
406 1505 593 1594 Tandem,
612 1519 653 1576 ut
669 1505 739 1576 alia
755 1507 962 1600 mittamus,
974 1515 1122 1586 curdif·

121 1627 228 1698 ficilis
247 1624 444 1696 decubitus
463 1621 577 1697 fuerit
596 1624 637 1694 in
660 1625 882 1698 utrumlibet
900 1625 1010 1718 latus,
1033 1655 1121 1700 cum

119 1742 212 1816 alter
224 1743 404 1814 duntaxat
418 1743 551 1840 pulmo
567 1740 721 1815 affectus
737 1730 941 1816 essetlimo
956 1770 1044 1822 cum
1058 1749 1123 1821 hic

120 1875 214 1934 esset
226 1861 392 1948 sinister,
411 1856 600 1932 difficilior
617 1858 815 1932 decubitus
829 1858 942 1935 fuerit
956 1867 996 1934 in
1013 1865 1120 1940 sinis-

118 1993 218 2051 trum
231 1978 329 2050 latus
341 1979 358 2048 i
372 1976 485 2069 Quod
504 1976 636 2075 siquid
650 1979 895 2076 praecessisset
914 1981 1119 2077 ejusmodi,
1208 2055 1211 2062 ,

118 2097 215 2166 utin
231 2094 379 2166 latentis
395 2093 551 2189 alicujus
566 2094 683 2190 partis
701 2093 889 2166 laesionem
900 2097 1013 2169 baud
1033 2102 1120 2174 satis

116 2211 298 2285 intellecti
307 2207 722 2308 impedimenticausam
732 2209 1120 2311 conferrepossemus,

115 2329 274 2400 velutin
292 2351 474 2426 ecquem
492 2328 666 2425 protinus
684 2327 909 2427 subjungam
928 2355 1032 2426 casu3
1044 2358 1118 2406 ma·

116 2444 171 2544 gis
188 2443 327 2518 audere
342 2447 384 2534 in
396 2441 632 2544 proferendis
649 2445 876 2542 conjecturis
890 2448 1028 2522 liceret.

163 2563 220 2636 28.
239 2562 551 2636 Adulescentulus
560 2587 680 2636 annos
692 2578 800 2635 natus
813 2561 1050 2661 quindecim,
1065 2568 1117 2638 in-

112 2692 170 2753 ter
181 2681 302 2753 rixam
315 2680 431 2770 cadit,
448 2682 679 2780 dorsumque
698 2680 816 2754 allidit
831 2685 927 2755 circa
944 2684 1116 2756 ultimam

110 2795 294 2887 thoracis,
311 2811 350 2869 et
362 2799 524 2897 primam
537 2797 757 2870 lumborum
769 2799 990 2873 vertebram.
1006 2806 1051 2873 In
1063 2805 1116 2899 ja-

111 2929 261 2988 centem
279 2911 653 2985 adversarius'insilit
679 2911 1004 3003 adolescentulus,
1027 2943 1115 3018 pec·

108 3043 248 3129 tueque
258 3028 416 3139 genibus
428 3029 575 3128 premit.
592 3029 668 3119 Qui
684 3027 888 3116 ceciderat,
907 3032 1116 3144 valdeque-

108 3149 207 3222 ritur
222 3147 270 3222 de
289 3147 422 3220 dolore
440 3147 538 3220 circa
558 3146 700 3218 allisam
717 3161 883 3245 partem:
905 3147 971 3220 ubi
988 3167 1114 3225 tamen

108 3266 233 3354 nulla,
263 3289 347 3365 quae
371 3279 503 3340 notatu
521 3263 633 3362 digna
652 3266 716 3351 sit,
747 3265 978 3362 conspicitur
1002 3268 1112 3342 laesio.

108 3383 240 3483 Capite
255 3383 417 3455 multum
431 3381 554 3454 dolet:
572 3397 609 3453 et
624 3380 717 3453 dum
734 3398 913 3455 consueta
930 3383 1034 3457 domi
1049 3413 1114 3460 co-

107 3517 224 3576 natur
236 3499 343 3573 obire
355 3501 506 3587 munia,
521 3513 686 3600 syncope
704 3501 917 3598 corripitur.
931 3505 1020 3574 Mox
1036 3508 1114 3603 pri·

106 3644 174 3692 mo
191 3621 274 3721 ipso
286 3620 346 3692 die
361 3618 527 3715 dejectus
539 3616 847 3690 animadvertitur
862 3623 1049 3718 appetitus
1065 3625 1113 3696 ci-

104 3733 270 3812 borum:
287 3753 324 3810 et
339 3751 425 3838 post
436 3759 555 3808 unum
570 3749 635 3806 aut
644 3733 802 3806 alterum
816 3734 915 3807 diem
930 3733 1043 3810 febris
1053 3765 1111 3812 ac·

105 3854 219 3926 cedit.
232 3859 319 3927 Erat
327 3869 436 3927 antea
445 3867 651 3952 perpetuus
664 3855 703 3922 in
714 3851 866 3925 thorace
880 3852 1001 3926 dolor.
1014 3858 1110 3930 Huic

102 3955 259 4046 additur
285 3971 541 4072 respirationis
565 3967 786 4062 difficultas,
811 3984 849 4044 et
867 3973 996 4143 apsis,
1028 3999 1110 4072 quaa

183 4095 215 4142 2·
918 4095 937 4168 7
