2812 4660
283 426 355 504 356
447 451 494 499 ne
520 449 666 498 seorsus
691 449 735 498 er
761 449 884 498 causrs
910 451 1120 501 uonsoamr

279 569 365 662 jure
376 565 587 661 meritoque
599 561 777 660 appellari
795 588 904 661 posse
919 564 1043 638 cordis
1055 565 1287 667 prolapsum,

279 682 321 751 in
349 679 515 777 epistolis
542 678 761 750 anatomicis
779 677 847 774 (1)
866 682 977 776 posui
998 709 1005 751 ε
1027 707 1106 778 quo
1131 686 1286 756 nomine

282 821 369 870 cum
387 821 540 895 quoque
565 795 728 867 libenter
742 819 875 866 vocem
895 799 961 894 qui
977 823 999 868 a
1017 798 1232 872 Pacchiono
1248 804 1287 872 in

274 921 420 1016 prima,
444 928 556 1010 atque
580 911 702 982 altera
721 915 891 983 Historia
909 914 964 1011 (2)
980 914 1191 1014 descriptus
1214 932 1285 1007 est;

282 1057 370 1104 nam
385 1031 476 1102 alios
486 1027 694 1126 quosdam,
713 1027 759 1100 ab
772 1028 853 1100 aliis
867 1026 1100 1128 frequentius
1114 1037 1286 1132 proposi-

282 1164 342 1222 tos
359 1148 409 1220 ob
423 1146 463 1218 id
476 1160 622 1220 tantum
638 1145 742 1242 quod
760 1170 825 1218 cor
840 1161 972 1216 natura
982 1149 1205 1223 incumbere
1216 1152 1286 1222 dia-

283 1264 495 1366 phragmati
512 1287 592 1332 non
610 1261 785 1338 videmr
800 1263 1122 1356 animadvertisse,
1141 1293 1223 1339 non
1235 1269 1286 1338 in·

280 1383 380 1479 juria
405 1381 543 1476 rejeci:
560 1404 631 1450 neo
651 1403 738 1453 sanc
759 1381 804 1448 'in
823 1380 1009 1475 ejusmodi
1031 1408 1202 1456 errorem
1225 1411 1284 1458 us-

284 1522 400 1596 quam
414 1496 523 1570 video
548 1496 756 1569 Valsalvam
777 1497 963 1570 incidisse.
984 1503 1029 1569 In
1051 1525 1142 1572 vero
1162 1518 1285 1575 autem

285 1615 409 1689 cordis
439 1614 619 1713 prolapsu
645 1610 890 1711 diaphragma
913 1639 1033 1713 usque
1063 1617 1159 1732 adeo
1189 1644 1285 1690 non-

251 1725 254 1731 *
284 1725 480 1830 nunquam
492 1730 897 1828 deprimitur,utquasi
909 1734 948 1802 in
957 1734 1149 1806 cucullum
1160 1761 1286 1832 quem·

283 1849 372 1924 dam
385 1873 423 1922 se
442 1849 621 1920 deorsum
635 1846 827 1936 extendat,
844 1873 922 1944 quo
941 1875 1008 1921 cor
1019 1853 1286 1949 amplectatur,

284 1970 381 2042 sicut
399 1968 439 2036 in
456 1963 676 2036 Marchione
692 1963 745 2034 du
763 1965 895 2036 Palae
916 1967 1010 2038 vidit
1027 1969 1204 2044 laudatus
1220 1997 1285 2071 po-

281 2083 479 2156 tentissimi
503 2080 697 2152 Gallorum
718 2083 1030 2181 regisArchiater
1050 2086 1130 2184 (3).
1155 2089 1231 2160 Sed
1247 2103 1287 2161 ut
1397 2131 1398 2134 =

283 2203 420 2298 magis,
440 2199 610 2270 minusve
623 2196 884 2297 diaphragma,
899 2216 936 2272 et
953 2226 1019 2273 cor
1039 2203 1287 2296 descendunt,

284 2319 336 2392 sic
348 2317 487 2414 magis,
506 2316 677 2386 minusve
696 2322 904 2416 compressi
917 2323 1122 2393 ‘ventriculi
1143 2323 1287 2396 incom-

282 2434 396 2506 moda
408 2448 446 2506 et
455 2432 685 2531 pulsationes
700 2433 824 2504 cordis
841 2436 880 2504 in
895 2436 1045 2508 sinistro
1064 2438 1287 2537 hypochon-

166 2557 169 2566 '
284 2553 369 2622 drio
387 2548 760 2638 animadvertuntur,
779 2565 821 2621 ut
836 2552 1038 2626 Pacchioni
1058 2556 1289 2631 confirmant

283 2666 470 2739 historiae:
489 2665 615 2763 itaque
633 2691 713 2738 non
727 2668 816 2765 aegri
833 2670 973 2758 modo,
992 2671 1107 2744 sedet
1126 2676 1286 2766 medici,

283 2808 364 2856 non
395 2796 565 2853 accurate
589 2784 716 2854 omnia
737 2784 1039 2882 perpendentes,
1054 2814 1126 2887 pro
1146 2796 1289 2866 ventri·

285 2900 361 2974 culi
387 2897 546 2987 morb0‚
572 2914 609 2970 et
629 2924 700 2998 pro
721 2901 878 2974 coeliacae
904 2905 1046 2976 arteriae
1073 2909 1286 3004 pulsatione

282 3031 443 3119 possunt
465 3015 640 3088 morbum
666 3016 809 3106 cordis,
837 3018 1026 3118 hujusque
1053 3024 1286 3122 pulsationes

283 3136 463 3233 accipere.
481 3136 612 3230 Neque
628 3132 674 3205 ab
687 3134 856 3206 dissimili
871 3139 965 3234 septi
974 3145 1177 3214 transversi
1185 3168 1285 3216 com·

282 3255 476 3354 pressione
490 3250 592 3323 haud
602 3276 688 3323 raro
702 3252 858 3342 accidit,
874 3270 917 3326 ut
934 3257 1136 3352 pericardii
1147 3261 1282 3358 hydro·

284 3397 331 3469 pe
349 3367 472 3440 affecti
492 3367 539 3438 de
553 3367 707 3458 dolore,
726 3386 763 3441 et
782 3371 951 3467 pondere
969 3378 1169 3472 conquesti
1188 3380 1278 3466 sint,

283 3489 478 3585 regionem
500 3485 700 3556 ventriculi
726 3504 910 3584 gravante.
932 3494 982 3562 Te
1006 3507 1133 3565 autem
1155 3496 1277 3566 mirari

323 3770 367 3848 (ι)
388 3772 455 3840 XV,
468 3789 498 3824 n.
515 3766 564 3823 53.

320 3872 365 3949 (a)
385 3871 478 3945 Oper.
493 3867 571 3925 Edit.
589 3872 620 3937 4,
638 3884 715 3926 vers.
732 3867 784 3926 fin.

323 3971 368 4052 (3)
387 3974 422 4027 L.
437 3968 486 4027 cit.
501 3968 547 4026 ch.
562 3966 596 4038 8,
609 3985 638 4024 n.
656 3973 682 4034 4.
