2750 4658
148 492 231 539 ems
247 492 288 538 11.
316 491 363 538 nr
388 489 525 541 ιιοιιιιι
550 491 746 559 moriem,
769 497 881 548 nrrsr.
907 500 982 548 ιιι.
1010 477 1083 578 ²59

120 603 183 678 33.
195 602 375 676 Morbum
389 604 505 704 igitur
512 606 581 704 qui
589 607 629 678 in
639 607 702 679 illa
714 609 951 709 Sepulchreti
962 613 1083 690 obser·

64 723 226 794 vatione
241 723 372 794 LXXV
382 723 631 820 proponitur,
651 737 861 822 ernpyema,
879 729 947 800 vel
956 729 1083 806 thora·

65 845 124 912 cis
140 838 354 937 hydropem
369 836 584 936 diripere,
599 839 787 913 asserebat
801 843 1084 948 Fallopiuszqui

67 957 192 1056 paulo
208 950 307 1028 inira
324 955 372 1027 de
389 948 523 1028 eodem
534 956 670 1028 morbo
684 957 765 1032 haec
776 962 1082 1042 etiameddebat:

69 1079 134 1144 De
154 1097 230 1171 quo
255 1071 405 1171 quidem
424 1072 587 1145 thoracis
604 1071 777 1174 hydrope
799 1075 968 1177 loquetur
992 1089 1085 1184 Hip·

68 1206 255 1290 pocrotes
271 1195 310 1261 in
329 1215 350 1262 ι
367 1188 415 1261 de
431 1191 574 1262 morbis
589 1215 671 1291 cap.
680 1201 862 1292 proprio,
884 1213 922 1270 ct
932 1204 972 1272 in
986 1201 1084 1276 libro

71 1307 123 1378 de
143 1310 300 1378 internis
311 1305 575 1400 afflctionibus
587 1311 689 1378 circa
703 1309 886 1402 medium,
904 1317 971 1388 uhi
988 1333 1084 1392 troo-

75 1439 137 1494 tat
147 1422 197 1495 de
215 1422 366 1521 reh'qur's
382 1426 574 1523 speciebus
588 1451 703 1524 aquoe
719 1433 928 1523 intereunt,
943 1437 1086 1511 attane

74 1539 259 1640 appellat
261 1541 458 1639 pulmonis
472 1541 691 1642 hydropem.
709 1549 840 1644 Itaque
858 1549 936 1645 jum
959 1552 1085 1645 vides,

76 1687 149 1735 cur
161 1683 206 1734 ea
222 1661 274 1734 sic
288 1660 445 1758 incipiat
462 1657 694 1732 observatio:
708 1665 755 1734 In
773 1663 955 1740 cadavere
964 1669 1091 1743 adulti

75 1776 245 1851 vidimus
266 1775 477 1874 hydropem
494 1775 701 1873 pulmonis.
728 1778 788 1849 Sic
809 1783 911 1852 enim
931 1803 1087 1862 vocatur

77 1895 205 1969 fixerat
222 1896 261 1966 in
279 1895 437 1994 proprio
460 1891 527 1963 illo
545 1893 685 1990 capite,
700 1917 866 1992 quocum
886 1900 976 1972 scite
993 1925 1086 1974 con·

75 2019 203 2115 junxit
217 2015 403 2114 Fallopius
419 2009 507 2084 libri
518 2011 619 2084 illius
635 2013 945 2106 alteriuslocum,
961 2033 1005 2090 ut
1013 2019 1089 2092 col·-

77 2135 156 2209 leto
171 2136 271 2207 inter
289 2155 327 2206 se
342 2146 530 2229 utroque,
545 2129 722 2204 eumdem
733 2153 811 2205 esse
822 2133 1023 2225 morbum,
1042 2161 1088 2210 ex

79 2255 215 2354 signis,
234 2267 272 2326 et
290 2251 484 2324 curatione
498 2248 772 2348 intelligamus,
793 2253 860 2350 qui
880 2251 1086 2354 utrobique

78 2372 331 2472 proponitur,
348 2367 389 2440 id
412 2381 468 2440 est
490 2363 703 2465 hydropem
720 2367 908 2459 thoi-aen,
932 2368 1086 2464 educta,

80 2513 172 2563 cum
191 2487 292 2574 licet,
309 2485 599 2586 porrectionem
625 2507 739 2584 aqua,
758 2486 980 2560 curandum.
1000 2490 1086 2580 Quo

80 2621 209 2680 nutem
228 2603 344 2676 modo
361 2625 460 2700 aqua
476 2601 517 2674 in
536 2600 732 2676 thoracem
751 2601 986 2697 effundatur,
1006 2631 1087 2682 nou

81 2727 192 2799 aliter
207 2719 397 2796 secundus
416 2717 558 2792 indicat
570 2720 696 2812 locus,
719 2745 765 2794 ae
786 2721 881 2794 mihi
899 2723 1087 2816 Galenus,

83 2843 228 2942 quippe
244 2840 511 2939 Hippocratem
527 2840 635 2937 sequi
657 2839 809 2930 solitus,
823 2861 940 2940 cupra
961 2841 1018 2939 (1)
1034 2843 1087 2913 vi·

81 2983 150 3034 sus
164 2971 238 3048 est,
253 2959 293 3028 in
303 2956 555 3058 pericardium
567 2953 712 3030 effundi
722 2981 876 3058 equam,
891 2957 1089 3047 indicasse,

83 3077 125 3150 id
143 3091 201 3150 est
220 3101 265 3148 ex
281 3077 401 3175 ruptis
418 3073 676 3174 hydatidibus‚
696 3099 779 3175 quae
795 3074 843 3148 ab
859 3077 1088 3176 Hippocrate

87 3194 283 3268 tubercula
301 3191 354 3266 ibi
367 3191 623 3292 appellantur3
638 3198 674 3266 si
687 3192 880 3266 tubercula
893 3191 1087 3292 inpulmo·

83 3337 131 3384 ne
137 3314 292 3404 ficerint
307 3323 442 3400 enata,
462 3325 501 3381 et
513 3335 618 3408 aquo
636 3307 801 3408 repleta,
823 3324 861 3380 et
881 3315 921 3382 in
932 3321 1089 3408 pectore

85 3441 210 3527 rupta.
228 3428 286 3500 Sic
302 3439 427 3500 autem
442 3423 528 3498 ficri
541 3440 580 3498 et
593 3432 631 3496 in
642 3427 751 3514 bove,
771 3437 809 3498 et
824 3432 862 3498 in
875 3451 984 3517 cane,
1001 3435 1087 3500 etin

85 3567 160 3618 rue.
175 3549 294 3617 Porro
308 3543 434 3617 videri
444 3541 539 3615 tolia
552 3542 671 3616 multo
690 3551 809 3642 magis
827 3560 866 3618 et
883 3551 922 3618 in
939 3547 1089 3618 homine

82 3663 294 3762 fieriquom
306 3664 566 3762 inpeooribus,
583 3677 725 3760 quanto
732 3669 851 3736 etiam
859 3667 1090 3738 morbotiorc

396 3775 407 3838 ι
1016 3769 1022 3780 .

126 4034 171 4113 (ι)
193 4033 232 4094 r·
252 4051 300 4092 ιο·
