2812 4660
200 434 206 449 ·
271 417 341 490 312
433 435 479 484 na
505 429 650 484 seorsus
676 431 719 480 ar
745 431 868 482 csnsrs
893 431 1105 483 nonnosum

230 611 244 642 ‚q
270 549 387 650 vit(1)
401 547 599 647 majusculi
612 552 747 644 capitis
754 545 1048 643 magnitudinem
1055 547 1274 645 adaequans,

272 683 310 742 et
328 666 447 756 aliud,
464 681 506 736 ut
523 664 638 736 habes
658 665 698 734 in
718 663 969 761 Sepulchr'eto
983 663 1058 760 (a),
1075 665 1173 736 adeo
1191 689 1275 737 cum

272 786 348 858 suis
376 782 552 870 valvulis,
586 797 623 853 et
650 803 790 877 magna
817 787 958 852 arteria
986 763 1210 871 distentum,
1236 796 1276 852 ut

273 902 405 1001 trr'pl0,
428 915 497 972 aut
511 897 652 970 saltem·
669 896 786 996 duplo
817 923 931 995 quam
952 899 1088 988 soleat,
1116 896 1277 996 amplius

271 1019 481 1104 videretur,
501 1016 668 1090 Andreas
687 1017 912 1088 Laurentius
928 1015 982 1114 (3)
1006 1017 1142 1114 equitis
1164 1017 1275 1087 Guic-

274 1135 432 1208 ciardini
451 1158 517 1204 cor
526 1133 669 1204 invenit
676 1132 851 1230 prodr'gt'i
864 1138 984 1204 instar
996 1139 1034 1203 in
1046 1159 1133 1204 eam
1141 1133 1274 1204 molem

272 1258 493 1338 excrevisse,
523 1264 565 1321 ut
585 1249 775 1320 thoracem
794 1252 884 1340 fere
910 1264 1027 1321 totum
1048 1255 1272 1336 contineret,

273 1369 456 1466 sanguine
483 1367 538 1438 ad
562 1366 679 1454 libras
697 1392 801 1466 pene
827 1382 899 1438 tres
920 1382 1132 1465 quatuorve
1151 1364 1274 1436 cordis
1376 1419 1377 1430 2

274 1503 472 1583 utrumque
490 1490 611 1556 sinum
630 1482 878 1556 distendente.
908 1485 980 1558 Sed
1002 1485 1107 1556 hunc
1128 1507 1277 1571 casum,
1377 1525 1378 1528 =

275 1603 443 1701 aliosque
460 1601 639 1700 deinceps
653 1626 699 1674 eo
712 1598 1006 1699 frequentiores,
1021 1625 1098 1700 quo
1109 1599 1277 1672 crebrius

275 1721 455 1792 cadavera
472 1720 587 1791 incisa
602 1734 710 1806 sunt,
728 1719 843 1790 etalii
860 1720 997 1817 passim
1008 1732 1275 1804 memorarunt,
1380 1784 1381 1810 ,

275 1864 398 1937 eoque
427 1835 642 1934 diligentius
671 1837 817 1934 quaein
845 1837 1057 1910 viventibus
1082 1861 1277 1936 praecesse·
1381 1921 1382 1928 ἵ

275 1970 385 2044 rant,
411 1953 650 2050 adjecerunt,
678 1978 757 2050 quo
782 1952 922 2024 horum
948 1969 1003 2026 est
1026 1954 1158 2025 utilior
1189 1977 1276 2025 con-

274 2074 406 2169 juncta
425 2072 579 2159 notitia,
604 2085 640 2143 et
663 2071 780 2168 magis
799 2085 948 2160 tamen,
976 2072 1006 2142 si
1031 2070 1221 2144 Vesalium
1242 2084 1275 2142 et

274 2190 487 2260 Ballonium
505 2189 684 2286 excipias,
700 2213 721 2258 a
736 2186 927 2286 prioribus
943 2188 1016 2260 illis
1032 2187 1215 2286 neglecta.

326 2307 358 2378 3.
381 2308 512 2403 Neque
541 2306 649 2376 aliter
678 2304 939 2377 dilatationum
963 2306 1106 2378 arteriae
1138 2330 1276 2404 magnae

174 2489 175 2494 ,
228 2431 231 2436 ’
279 2439 380 2497 certa
396 2424 444 2495 ad
461 2422 627 2495 medicos
647 2424 819 2521 pervenit
836 2424 1012 2522 cognitio.
1030 2423 1089 2494 sic
1110 2425 1277 2496 Vesalius

277 2541 456 2640 quidem,
477 2539 638 2638 exempli
654 2564 781 2630 causa,
799 2566 886 2613 cum
903 2542 943 2610 in
957 2540 1071 2614 dorso
1085 2542 1187 2612 circa
1201 2565 1277 2612 ver·

277 2658 404 2730 tebras
428 2672 615 2728 tumorem
644 2657 846 2759 quemdam
872 2658 1084 2758 pulsantem
1097 2707 1099 2714 ,
1113 2658 1277 2730 animad-

279 2775 470 2862 vertisset,
494 2800 537 2846 ea
564 2790 714 2846 secutus
734 2801 817 2872 quae
835 2777 875 2846 in
894 2775 1143 2848 exterioribus
1168 2801 1276 2850 aneu-

280 2892 506 2990 rysmatibus
525 2907 636 2964 antea
653 2891 1038 2991 deprehenderat,·ibi
1056 2917 1152 2983 esse,
1171 2894 1275 2980 dixit,

279 3035 501 3108 aneurysma
514 3034 562 3082 ex
580 3009 803 3082 dilatatione
819 3025 942 3082 aortae
955 3017 1115 3084 arterioe.
1136 3014 1211 3085 Sed
1226 3028 1275 3083 ta-

277 3153 366 3201 men
377 3154 455 3200 non
469 3144 554 3201 ante
568 3127 703 3199 medici
714 3153 846 3200 verum
856 3128 992 3202 dixisse
1005 3128 1197 3202 Vesalium
1208 3153 1272 3229 pro

282 3262 385 3318 certo
403 3249 615 3334 sciverunt,
637 3271 750 3343 quam
769 3271 866 3319 curn-
878 3271 985 3349 aegro.
1003 3263 1178 3337 mortuo,
1203 3271 1275 3320 eam

283 3365 457 3433 arteriam
468 3363 657 3434 dilatatam
674 3363 768 3436 adeo
782 3365 1029 3454 invenerunt,
1048 3380 1091 3438 ut
1110 3371 1174 3437 ovi
1186 3381 1277 3436 stru·

284 3475 496 3549 tliiocamelr'
506 3479 797 3576 magnitudinem
798 3484 887 3572 fere
901 3499 1087 3582 oequaret,
1102 3481 1274 3580 quemad·

297 3823 301 3836 .
322 3777 366 3855 (ι)
387 3778 474 3853 Epid.
489 3779 508 3834 l.
525 3797 557 3849 a,
571 3778 912 3855 neomeniarum,
924 3802 973 3841 an.
990 3780 1076 3876 ¹⁵2⁵·
1130 3858 1135 3872 ἶ

322 3875 366 3956 (a)
387 3880 421 3934 L.
441 3897 511 3951 a,s.
526 3878 561 3949 8,
576 3879 626 3937 oh.
641 3880 734 3954 a6,§.
751 3901 778 3939 a.
1098 3915 1104 3940 ι

320 3976 364 4055 (3)
384 3979 459 4037 Hist.
472 3982 561 4040 Anat.
577 3975 658 4038 hum.
672 3999 756 4059 corp.
767 3985 789 4040 l.
801 4001 835 4060 9,
852 4003 903 4062 qu.
919 3983 977 4042 18..
1085 4023 1088 4028 -
