2842 4672
330 393 378 476 66
491 422 537 469 nr
563 421 708 470 samius
733 423 777 470 rr
801 421 925 470 cauus
950 423 1159 474 nortorum

328 539 404 614 mel
423 535 688 624 animadverti,
706 559 787 607 eam
802 561 930 610 rerum
947 541 1109 636 speciem
1128 543 1167 612 in
1183 544 1332 640 quibus-

316 655 412 727 dam
431 653 527 724 nihil
543 653 644 724 aliud
665 651 797 742 luisse,
816 655 888 726 nisi
906 658 1090 728 exteriora
1109 683 1255 732 corneae
1272 663 1328 734 ul-

327 773 495 870 cuscula,
508 797 590 869 quae
604 772 633 844 si
645 773 828 869 eregione
845 772 1068 870 inspiceres,
1086 801 1129 848 ea
1142 801 1227 874 quae
1239 778 1328 868 dixi,

294 955 297 964 .
323 891 483 964 omnino
500 890 772 978 mentirentur;
788 888 853 960 sed
867 888 934 961 ubi
945 890 992 962 ad
1005 890 1101 964 latus
1116 895 1326 986 recederes,

322 1027 360 1084 et
376 1035 421 1082 ex
438 1006 597 1105 obliquo
608 1009 855 1105 inspectares,
872 1007 996 1079 statim
1010 1033 1077 1080 sua
1087 1014 1325 1086 excavatione

321 1153 361 1202 se
371 1124 586 1225 proderent.
600 1124 721 1196 Facile
731 1125 831 1195 enim
843 1125 884 1196 in
899 1123 1046 1198 acribus
1056 1125 1198 1200 adnatae
1212 1155 1325 1204 mem-

318 1243 445 1316 branae
470 1239 826 1345 inflammationibus
848 1263 983 1315 cornea
1002 1245 1257 1336 exulceratum
1288 1263 1327 1320 ut

318 1359 416 1432 nihil
434 1383 539 1456 aeque
559 1361 759 1430 metuerim
776 1360 814 1429 in
826 1361 1152 1434 contumacissima
1166 1386 1249 1460 quae
1266 1389 1324 1437 me

317 1475 641 1552 adolescentulum
658 1474 728 1547 sub
739 1474 852 1571 hujus
861 1477 1010 1548 initium
1021 1479 1138 1550 seculi
1147 1483 1323 1552 Bononiae

313 1591 590 1698 prehenderat,
610 1591 863 1692 ophthalmia,
879 1618 966 1666 cum
984 1597 1060 1667 acri
1081 1596 1241 1670 subinde
1254 1599 1321 1671 do·
1405 1579 1406 1582 Ἴ

313 1716 396 1802 lore
420 1714 643 1810 conjuncta,
661 1724 703 1782 ut
725 1711 858 1808 saepius
877 1735 1010 1812 capere
1037 1738 1214 1786 somnum
1241 1741 1319 1788 non

311 1855 480 1930 possem,
499 1831 570 1903 nisi
584 1823 777 1928 palpebris
793 1829 967 1927 imposita
978 1832 1094 1931 pulpa
1108 1831 1234 1930 tepida
1249 1858 1318 1932 po·

310 1950 464 2021 morum
476 1947 657 2020 dulcium.
677 1945 797 2018 Multa
810 1947 1072 2020 commendata
1084 1963 1189 2039 sunt,
1202 1953 1317 2026 multa

309 2067 486 2154 adhibui,
504 2063 642 2138 frustra
653 2063 789 2136 omnia.
800 2067 929 2136 Unum
945 2066 1162 2140 inconsulto
1170 2072 1316 2168 respui,

307 2185 414 2284 quod
433 2182 611 2282 pluribu's.
623 2197 753 2279 postea
770 2179 848 2252 vidi
875 2181 1082 2280 plurimum
1106 2183 1313 2283 profuisse,

303 2293 465 2398 ¹viroque
481 2297 686 2397 praesertim
699 2298 929 2371 Bononiensi
939 2301 1006 2399 qui
1017 2302 1069 2373 sic
1087 2301 1217 2376 abacta
1229 2305 1313 2381 dex-

303 2421 379 2490 teri
390 2417 492 2488 oculi
501 2413 911 2504 inflammatione,cum
920 2443 1009 2490 mox
1018 2422 1168 2494 sinister
1178 2423 1312 2498 eodem

301 2533 441 2606 morbo
470 2545 691 2630 caperetur,
718 2533 908 2607 incassum
933 2535 1111 2610 adhibitis
1144 2541 1310 2629 caeteriS,
1404 2587 1405 2598 κ

300 2652 409 2724 nullo
422 2651 547 2750 potuit
555 2650 628 2721 nisi
639 2647 772 2722 eodem
783 2651 921 2724 auxilio
933 2655 1096 2743 restitui,
1111 2658 1196 2727 cute
1207 2656 1309 2730 vide·

298 2770 388 2842 licet
397 2792 478 2866 quae
486 2791 588 2865 pone
598 2767 801 2839 auriculam
815 2771 1129 2870 est,impositisii's
1140 2797 1221 2870 quae
1230 2799 1309 2847 ero-

297 2885 414 2958 dendi
427 2885 503 2954 vim
516 2882 677 2974 habent,
696 2887 915 2959 exulcerata.
936 2894 1032 2960 Cum
1051 2891 1166 2988 igitur
1180 2893 1306 2964 omnia

294 3019 439 3078 naturae
450 3017 508 3092 ,et
520 3003 684 3100 tempori
696 3006 981 3095 commisissem,
996 3022 1033 3078 et
1045 3008 1221 3079 nonnihil
1226 3009 1303 3105 jam

292 3123 437 3196 levatus
458 3145 598 3208 essem,
611 3143 690 3191 non
706 3122 758 3192 sic
771 3134 915 3211 tamen,
933 3139 975 3195 ut
996 3125 1139 3222 legere,
1156 3141 1193 3198 et
1210 3128 1302 3198 scri-

291 3236 1060 3338 beretuncsinemolestiaadhucpossem,
1077 3265 1301 3316 cumrerum
1403 3223 1404 3240 ³

289 3358 473 3429 memoria
493 3356 610 3454 magis
629 3379 741 3452 quam
754 3359 928 3453 praesenti
942 3358 1065 3430 studio
1081 3357 1221 3450 fretus,
1242 3385 1297 3434 so·
1338 3389 1345 3404 ·
1403 3391 1404 3404 ¹

287 3475 415 3548 lemne
430 3499 586 3546 examen
598 3471 712 3560 subii,
733 3487 769 3544 et
788 3473 828 3544 in
845 3473 976 3546 album
994 3474 1196 3548 doctorum
1215 3497 1298 3551 sum

285 3594 444 3681 relatus;
465 3593 504 3664 in
517 3581 681 3690 patriam
690 3587 882 3692 paulisper
894 3594 1045 3681 secessi,
1060 3593 1190 3692 ibique
1206 3620 1296 3668 con·
1403 3577 1404 3588 ἵ

283 3713 395 3784 valui.
407 3714 497 3802 Quae
508 3710 635 3782 omnia
647 3734 692 3781 eo
705 3710 850 3800 dixi,ut
863 3711 1063 3810 intelligas,
1075 3728 1162 3809 post
1176 3739 1296 3812 quan·

280 3845 364 3900 tum
381 3827 558 3899 morbum
575 3841 714 3922 quanta
734 3827 827 3897 mihi
847 3827 1049 3900 oculorum
1067 3831 1203 3902 sanitas
1223 3833 1292 3902 Dei

281 3946 524 4044 praepotentis
545 3942 796 4018 beneficentia
818 3969 996 4022 concessa
1018 3948 1081 4035 sit,
1105 3961 1150 4020 ut
1173 3971 1294 4030 annos
