<?xml version="1.0" encoding="UTF-8"?>
<!DOCTYPE html PUBLIC "-//W3C//DTD XHTML 1.0 Transitional//EN"
    "http://www.w3.org/TR/xhtml1/DTD/xhtml1-transitional.dtd">
<html xmlns="http://www.w3.org/1999/xhtml" xml:lang="en" lang="en">
 <head>
  <title>
</title>
<meta http-equiv="Content-Type" content="text/html;charset=utf-8" />
  <meta name='ocr-system' content='tesseract 3.04.00' />
  <meta name='ocr-capabilities' content='ocr_page ocr_carea ocr_par ocr_line ocrx_word'/>
</head>
<body>
  <div class='ocr_page' id='page_1' title='image "./desedibusetcaus00chaugoog_0167.png"; bbox 0 0 2766 4670; ppageno 0'>
   <div class='ocr_carea' id='block_1_1' title="bbox 264 413 1037 512">
    <p class='ocr_par' dir='ltr' id='par_1_1' title="bbox 264 413 1037 512">
     <span class='ocr_line' id='line_1_1' title="bbox 264 413 1037 512; baseline -0.054 -11"><span class='ocrx_word' id='word_1_1' title='bbox 264 427 333 512; x_wconf 65' lang='lat'><em>164</em></span> <span class='ocrx_word' id='word_1_2' title='bbox 413 476 416 482; x_wconf 92' lang='lat'><em>.</em></span> <span class='ocrx_word' id='word_1_3' title='bbox 485 436 535 484; x_wconf 69' lang='lat' dir='ltr'><em>sn</em></span> <span class='ocrx_word' id='word_1_4' title='bbox 560 421 800 479; x_wconf 71' lang='lat' dir='ltr'><em>oututsouuu</em></span> <span class='ocrx_word' id='word_1_5' title='bbox 825 413 1037 466; x_wconf 72' lang='lat' dir='ltr'><em>onoumuun</em></span> 
     </span>
    </p>
   </div>
   <div class='ocr_carea' id='block_1_2' title="bbox 258 521 1280 2998">
    <p class='ocr_par' dir='ltr' id='par_1_2' title="bbox 261 521 1255 1008">
     <span class='ocr_line' id='line_1_2' title="bbox 261 521 1255 665; baseline -0.047 -28"><span class='ocrx_word' id='word_1_6' title='bbox 261 586 348 665; x_wconf 85' lang='lat' dir='ltr'><em>quce</em></span> <span class='ocrx_word' id='word_1_7' title='bbox 364 564 401 630; x_wconf 90' lang='lat' dir='ltr'><em>in</em></span> <span class='ocrx_word' id='word_1_8' title='bbox 424 571 610 648; x_wconf 80' lang='lat' dir='ltr'><em>agrorum</em></span> <span class='ocrx_word' id='word_1_9' title='bbox 632 533 896 638; x_wconf 88' lang='lat' dir='ltr'><em>quorumdam,</em></span> <span class='ocrx_word' id='word_1_10' title='bbox 923 526 1125 623; x_wconf 80' lang='lat' dir='ltr'><em>dequibus</em></span> <span class='ocrx_word' id='word_1_11' title='bbox 1150 521 1255 618; x_wconf 87' lang='lat' dir='ltr'><em>loqui-</em></span> 
     </span>
     <span class='ocr_line' id='line_1_3' title="bbox 263 641 1254 766; baseline -0.048 -11"><span class='ocrx_word' id='word_1_12' title='bbox 263 699 340 766; x_wconf 90' lang='lat' dir='ltr'><em>tur,</em></span> <span class='ocrx_word' id='word_1_13' title='bbox 360 666 601 746; x_wconf 73' lang='lat' dir='ltr'><em>cadaveribus</em></span> <span class='ocrx_word' id='word_1_14' title='bbox 614 664 687 731; x_wconf 89' lang='lat' dir='ltr'><em>sint</em></span> <span class='ocrx_word' id='word_1_15' title='bbox 706 651 956 751; x_wconf 74' lang='lat' dir='ltr'><em>deprehensa3</em></span> <span class='ocrx_word' id='word_1_16' title='bbox 969 641 1184 714; x_wconf 87' lang='lat' dir='ltr'><em>Panarolus</em></span> <span class='ocrx_word' id='word_1_17' title='bbox 1195 663 1254 708; x_wconf 89' lang='lat' dir='ltr'><em>au·</em></span> 
     </span>
     <span class='ocr_line' id='line_1_4' title="bbox 263 762 1255 869; baseline -0.045 1"><span class='ocrx_word' id='word_1_18' title='bbox 263 815 336 869; x_wconf 92' lang='lat' dir='ltr'><em>tem</em></span> <span class='ocrx_word' id='word_1_19' title='bbox 342 815 430 864; x_wconf 86' lang='lat' dir='ltr'><em>suas</em></span> <span class='ocrx_word' id='word_1_20' title='bbox 441 793 540 856; x_wconf 89' lang='lat' dir='ltr'><em>inter</em></span> <span class='ocrx_word' id='word_1_21' title='bbox 554 777 827 851; x_wconf 77' lang='lat' dir='ltr'><em>observationes</em></span> <span class='ocrx_word' id='word_1_22' title='bbox 836 764 965 863; x_wconf 86' lang='lat' dir='ltr'><em>pluro,</em></span> <span class='ocrx_word' id='word_1_23' title='bbox 976 775 1019 834; x_wconf 92' lang='lat' dir='ltr'><em>ut</em></span> <span class='ocrx_word' id='word_1_24' title='bbox 1030 762 1255 844; x_wconf 80' lang='lat' dir='ltr'><em>Benivenius,</em></span> 
     </span>
     <span class='ocr_line' id='line_1_5' title="bbox 262 897 679 1008; baseline -0.067 -21"><span class='ocrx_word' id='word_1_25' title='bbox 262 910 459 1008; x_wconf 74' lang='lat' dir='ltr'><em>extispicia</em></span> <span class='ocrx_word' id='word_1_26' title='bbox 468 897 679 998; x_wconf 77' lang='lat' dir='ltr'><em>proposuit.</em></span> 
     </span>
    </p>

    <p class='ocr_par' dir='ltr' id='par_1_3' title="bbox 258 991 1280 2998">
     <span class='ocr_line' id='line_1_6' title="bbox 318 991 1257 1116; baseline -0.047 -14"><span class='ocrx_word' id='word_1_27' title='bbox 318 1031 388 1102; x_wconf 85' lang='lat' dir='ltr'><em>Ubi</em></span> <span class='ocrx_word' id='word_1_28' title='bbox 403 1029 675 1116; x_wconf 82' lang='lat' dir='ltr'><em>oeroposteos,</em></span> <span class='ocrx_word' id='word_1_29' title='bbox 686 1028 780 1106; x_wconf 88' lang='lat' dir='ltr'><em>quos</em></span> <span class='ocrx_word' id='word_1_30' title='bbox 789 1009 932 1102; x_wconf 87' lang='lat' dir='ltr'><em>primos</em></span> <span class='ocrx_word' id='word_1_31' title='bbox 941 1023 991 1070; x_wconf 81' lang='lat' dir='ltr'><em>ex</em></span> <span class='ocrx_word' id='word_1_32' title='bbox 1005 991 1115 1066; x_wconf 86' lang='lat' dir='ltr'><em>Italis</em></span> <span class='ocrx_word' id='word_1_33' title='bbox 1128 1014 1257 1063; x_wconf 90' lang='lat' dir='ltr'><em>memo·</em></span> 
     </span>
     <span class='ocr_line' id='line_1_7' title="bbox 265 1115 1260 1240; baseline -0.048 -16"><span class='ocrx_word' id='word_1_34' title='bbox 265 1154 347 1224; x_wconf 79' lang='lat' dir='ltr'><em>ravi</em></span> <span class='ocrx_word' id='word_1_35' title='bbox 355 1203 366 1234; x_wconf 95' lang='lat'><em>,</em></span> <span class='ocrx_word' id='word_1_36' title='bbox 384 1136 492 1240; x_wconf 80' lang='lat' dir='ltr'><em>apud</em></span> <span class='ocrx_word' id='word_1_37' title='bbox 505 1132 624 1206; x_wconf 86' lang='lat' dir='ltr'><em>cultas</em></span> <span class='ocrx_word' id='word_1_38' title='bbox 636 1131 967 1198; x_wconf 82' lang='lat' dir='ltr'><em>notionesoaeteras</em></span> <span class='ocrx_word' id='word_1_39' title='bbox 980 1115 1173 1184; x_wconf 81' lang='lat' dir='ltr'><em>hominum</em></span> <span class='ocrx_word' id='word_1_40' title='bbox 1184 1132 1260 1180; x_wconf 90' lang='lat' dir='ltr'><em>oor-</em></span> 
     </span>
     <span class='ocr_line' id='line_1_8' title="bbox 258 1224 1261 1368; baseline -0.044 -32"><span class='ocrx_word' id='word_1_41' title='bbox 258 1289 363 1368; x_wconf 87' lang='lat' dir='ltr'><em>pora</em></span> <span class='ocrx_word' id='word_1_42' title='bbox 388 1258 522 1352; x_wconf 81' lang='lat' dir='ltr'><em>soepius</em></span> <span class='ocrx_word' id='word_1_43' title='bbox 550 1243 664 1317; x_wconf 85' lang='lat' dir='ltr'><em>incidi</em></span> <span class='ocrx_word' id='word_1_44' title='bbox 688 1254 811 1338; x_wconf 73' lang='lat' dir='ltr'><em>erepta</em></span> <span class='ocrx_word' id='word_1_45' title='bbox 834 1247 941 1320; x_wconf 82' lang='lat' dir='ltr'><em>sunt,</em></span> <span class='ocrx_word' id='word_1_46' title='bbox 968 1253 1098 1302; x_wconf 88' lang='lat' dir='ltr'><em>earum</em></span> <span class='ocrx_word' id='word_1_47' title='bbox 1117 1224 1261 1298; x_wconf 89' lang='lat' dir='ltr'><em>medicis</em></span> 
     </span>
     <span class='ocr_line' id='line_1_9' title="bbox 267 1347 1276 1482; baseline -0.045 -26"><span class='ocrx_word' id='word_1_48' title='bbox 267 1393 449 1482; x_wconf 84' lang='lat' dir='ltr'><em>quantum</em></span> <span class='ocrx_word' id='word_1_49' title='bbox 469 1365 575 1442; x_wconf 89' lang='lat' dir='ltr'><em>cordi</em></span> <span class='ocrx_word' id='word_1_50' title='bbox 576 1364 699 1456; x_wconf 76' lang='lat' dir='ltr'><em>fiterit</em></span> <span class='ocrx_word' id='word_1_51' title='bbox 713 1355 927 1426; x_wconf 85' lang='lat' dir='ltr'><em>morborum</em></span> <span class='ocrx_word' id='word_1_52' title='bbox 942 1347 1044 1420; x_wconf 87' lang='lat' dir='ltr'><em>sedes</em></span> <span class='ocrx_word' id='word_1_53' title='bbox 1062 1347 1276 1439; x_wconf 60' lang='lat' dir='ltr'><em>causasque</em></span> 
     </span>
     <span class='ocr_line' id='line_1_10' title="bbox 267 1462 1261 1571; baseline -0.044 1"><span class='ocrx_word' id='word_1_54' title='bbox 267 1497 429 1571; x_wconf 88' lang='lat' dir='ltr'><em>scrutari</em></span> <span class='ocrx_word' id='word_1_55' title='bbox 443 1475 642 1557; x_wconf 88' lang='lat' dir='ltr'><em>innumera</em></span> <span class='ocrx_word' id='word_1_56' title='bbox 666 1472 821 1570; x_wconf 69' lang='lat' dir='ltr'><em>illorum</em></span> <span class='ocrx_word' id='word_1_57' title='bbox 837 1472 974 1564; x_wconf 83' lang='lat' dir='ltr'><em>scripta</em></span> <span class='ocrx_word' id='word_1_58' title='bbox 994 1462 1261 1547; x_wconf 85' lang='lat' dir='ltr'><em>demonstrant,</em></span> 
     </span>
     <span class='ocr_line' id='line_1_11' title="bbox 270 1578 1265 1692; baseline -0.048 -1"><span class='ocrx_word' id='word_1_59' title='bbox 270 1633 313 1690; x_wconf 90' lang='lat' dir='ltr'><em>ut</em></span> <span class='ocrx_word' id='word_1_60' title='bbox 329 1621 366 1686; x_wconf 91' lang='lat' dir='ltr'><em>V</em></span> <span class='ocrx_word' id='word_1_61' title='bbox 363 1608 479 1692; x_wconf 85' lang='lat' dir='ltr'><em>esaiii,</em></span> <span class='ocrx_word' id='word_1_62' title='bbox 502 1599 647 1676; x_wconf 87' lang='lat' dir='ltr'><em>Coiteri,</em></span> <span class='ocrx_word' id='word_1_63' title='bbox 667 1591 779 1686; x_wconf 80' lang='lat' dir='ltr'><em>Gas&#39;p.</em></span> <span class='ocrx_word' id='word_1_64' title='bbox 794 1583 967 1674; x_wconf 80' lang='lat' dir='ltr'><em>Bouhini,</em></span> <span class='ocrx_word' id='word_1_65' title='bbox 983 1578 1179 1665; x_wconf 84' lang='lat' dir='ltr'><em>Salmuthi,</em></span> <span class='ocrx_word' id='word_1_66' title='bbox 1194 1578 1265 1672; x_wconf 90' lang='lat' dir='ltr'><em>Spi-</em></span> 
     </span>
     <span class='ocr_line' id='line_1_12' title="bbox 268 1692 1265 1832; baseline -0.045 -26"><span class='ocrx_word' id='word_1_67' title='bbox 268 1733 376 1832; x_wconf 80' lang='lat' dir='ltr'><em>gelii,</em></span> <span class='ocrx_word' id='word_1_68' title='bbox 400 1711 703 1798; x_wconf 62' lang='lat' dir='ltr'><em>Thoanttottnt,</em></span> <span class='ocrx_word' id='word_1_69' title='bbox 725 1701 941 1799; x_wconf 81' lang='lat' dir='ltr'><em>Rolfinokii,</em></span> <span class='ocrx_word' id='word_1_70' title='bbox 963 1695 1157 1791; x_wconf 80' lang='lat' dir='ltr'><em>Veslingii,</em></span> <span class='ocrx_word' id='word_1_71' title='bbox 1172 1692 1265 1764; x_wconf 79' lang='lat' dir='ltr'><em>Bito-</em></span> 
     </span>
     <span class='ocr_line' id='line_1_13' title="bbox 267 1815 1266 1936; baseline -0.043 -11"><span class='ocrx_word' id='word_1_72' title='bbox 267 1853 340 1936; x_wconf 87' lang='lat' dir='ltr'><em>dii,</em></span> <span class='ocrx_word' id='word_1_73' title='bbox 359 1846 497 1918; x_wconf 89' lang='lat' dir='ltr'><em>Hornii</em></span> <span class='ocrx_word' id='word_1_74' title='bbox 506 1894 515 1928; x_wconf 86' lang='lat'><em>,</em></span> <span class='ocrx_word' id='word_1_75' title='bbox 528 1833 680 1909; x_wconf 87' lang='lat' dir='ltr'><em>Sculteti</em></span> <span class='ocrx_word' id='word_1_76' title='bbox 695 1827 891 1908; x_wconf 82' lang='lat' dir='ltr'><em>Ulmensis,</em></span> <span class='ocrx_word' id='word_1_77' title='bbox 910 1819 1090 1918; x_wconf 83' lang='lat' dir='ltr'><em>Wepferi,</em></span> <span class='ocrx_word' id='word_1_78' title='bbox 1107 1815 1266 1886; x_wconf 87' lang='lat' dir='ltr'><em>aliorum</em></span> 
     </span>
     <span class='ocr_line' id='line_1_14' title="bbox 269 1934 1267 2070; baseline -0.044 -28"><span class='ocrx_word' id='word_1_79' title='bbox 269 1961 642 2070; x_wconf 84' lang='lat' dir='ltr'><em>quamplurimorum.</em></span> <span class='ocrx_word' id='word_1_80' title='bbox 664 1951 753 2020; x_wconf 92' lang='lat' dir='ltr'><em>Cum</em></span> <span class='ocrx_word' id='word_1_81' title='bbox 772 1946 870 2016; x_wconf 88' lang='lat' dir='ltr'><em>enirn</em></span> <span class='ocrx_word' id='word_1_82' title='bbox 881 1965 944 2012; x_wconf 90' lang='lat' dir='ltr'><em>eos</em></span> <span class='ocrx_word' id='word_1_83' title='bbox 953 1937 1146 2008; x_wconf 76' lang='lat' dir='ltr'><em>duntaxat</em></span> <span class='ocrx_word' id='word_1_84' title='bbox 1153 1934 1267 2002; x_wconf 88' lang='lat' dir='ltr'><em>nomi-</em></span> 
     </span>
     <span class='ocr_line' id='line_1_15' title="bbox 262 2058 1267 2174; baseline -0.043 -13"><span class='ocrx_word' id='word_1_85' title='bbox 262 2088 436 2160; x_wconf 77' lang='lat' dir='ltr'><em>‘noverim</em></span> <span class='ocrx_word' id='word_1_86' title='bbox 449 2081 562 2174; x_wconf 87' lang='lat' dir='ltr'><em>quiin</em></span> <span class='ocrx_word' id='word_1_87' title='bbox 571 2069 687 2141; x_wconf 88' lang='lat' dir='ltr'><em>Italia</em></span> <span class='ocrx_word' id='word_1_88' title='bbox 699 2085 865 2161; x_wconf 84' lang='lat' dir='ltr'><em>quoque,</em></span> <span class='ocrx_word' id='word_1_89' title='bbox 887 2073 924 2128; x_wconf 91' lang='lat' dir='ltr'><em>et</em></span> <span class='ocrx_word' id='word_1_90' title='bbox 941 2058 1099 2126; x_wconf 84' lang='lat' dir='ltr'><em>Patavii</em></span> <span class='ocrx_word' id='word_1_91' title='bbox 1106 2073 1267 2148; x_wconf 80' lang='lat' dir='ltr'><em>praser-</em></span> 
     </span>
     <span class='ocr_line' id='line_1_16' title="bbox 272 2157 1273 2287; baseline -0.042 -11"><span class='ocrx_word' id='word_1_92' title='bbox 272 2211 353 2287; x_wconf 91' lang='lat' dir='ltr'><em>tim,</em></span> <span class='ocrx_word' id='word_1_93' title='bbox 372 2211 441 2268; x_wconf 92' lang='lat' dir='ltr'><em>aut</em></span> <span class='ocrx_word' id='word_1_94' title='bbox 453 2193 667 2271; x_wconf 77' lang='lat' dir='ltr'><em>docuerint,</em></span> <span class='ocrx_word' id='word_1_95' title='bbox 686 2196 755 2252; x_wconf 91' lang='lat' dir='ltr'><em>aut</em></span> <span class='ocrx_word' id='word_1_96' title='bbox 766 2177 984 2260; x_wconf 83' lang='lat' dir='ltr'><em>didicerint,</em></span> <span class='ocrx_word' id='word_1_97' title='bbox 993 2187 1062 2242; x_wconf 91' lang='lat' dir='ltr'><em>aut</em></span> <span class='ocrx_word' id='word_1_98' title='bbox 1076 2157 1273 2264; x_wconf 86' lang='lat' dir='ltr'><em>utrumque¹</em></span> 
     </span>
     <span class='ocr_line' id='line_1_17' title="bbox 264 2289 1272 2415; baseline -0.038 -24"><span class='ocrx_word' id='word_1_99' title='bbox 264 2323 427 2415; x_wconf 82' lang='lat' dir='ltr'><em>fecerint</em></span> <span class='ocrx_word' id='word_1_100' title='bbox 432 2340 443 2398; x_wconf 91' lang='lat'><em>,·</em></span> <span class='ocrx_word' id='word_1_101' title='bbox 452 2308 558 2383; x_wconf 79' lang='lat' dir='ltr'><em>uides</em></span> <span class='ocrx_word' id='word_1_102' title='bbox 560 2304 748 2404; x_wconf 82' lang='lat' dir='ltr'><em>profecto,</em></span> <span class='ocrx_word' id='word_1_103' title='bbox 759 2309 851 2394; x_wconf 89' lang='lat' dir='ltr'><em>quot</em></span> <span class='ocrx_word' id='word_1_104' title='bbox 859 2319 908 2364; x_wconf 80' lang='lat' dir='ltr'><em>ex</em></span> <span class='ocrx_word' id='word_1_105' title='bbox 918 2290 1050 2362; x_wconf 88' lang='lat' dir='ltr'><em>eadem</em></span> <span class='ocrx_word' id='word_1_106' title='bbox 1063 2289 1272 2370; x_wconf 79' lang='lat' dir='ltr'><em>Germania,</em></span> 
     </span>
     <span class='ocr_line' id='line_1_18' title="bbox 274 2397 1275 2521; baseline -0.032 -20"><span class='ocrx_word' id='word_1_107' title='bbox 274 2439 453 2509; x_wconf 82' lang='lat' dir='ltr'><em>latissime</em></span> <span class='ocrx_word' id='word_1_108' title='bbox 465 2437 637 2521; x_wconf 85' lang='lat' dir='ltr'><em>accepta,</em></span> <span class='ocrx_word' id='word_1_109' title='bbox 651 2416 972 2516; x_wconf 63' lang='lat' dir='ltr'><em>praetermiserim,</em></span> <span class='ocrx_word' id='word_1_110' title='bbox 989 2408 1154 2490; x_wconf 87' lang='lat' dir='ltr'><em>etiamsi,</em></span> <span class='ocrx_word' id='word_1_111' title='bbox 1175 2397 1275 2500; x_wconf 83' lang='lat' dir='ltr'><em>quod</em></span> 
     </span>
     <span class='ocr_line' id='line_1_19' title="bbox 272 2518 1274 2634; baseline -0.04 -7"><span class='ocrx_word' id='word_1_112' title='bbox 272 2571 314 2627; x_wconf 86' lang='lat' dir='ltr'><em>et</em></span> <span class='ocrx_word' id='word_1_113' title='bbox 330 2560 367 2622; x_wconf 86' lang='lat' dir='ltr'><em>in</em></span> <span class='ocrx_word' id='word_1_114' title='bbox 389 2545 498 2628; x_wconf 83' lang='lat' dir='ltr'><em>Italis</em></span> <span class='ocrx_word' id='word_1_115' title='bbox 511 2544 610 2634; x_wconf 85' lang='lat' dir='ltr'><em>feci,</em></span> <span class='ocrx_word' id='word_1_116' title='bbox 636 2534 691 2606; x_wconf 86' lang='lat' dir='ltr'><em>ad</em></span> <span class='ocrx_word' id='word_1_117' title='bbox 713 2534 978 2604; x_wconf 86' lang='lat' dir='ltr'><em>recentissimos</em></span> <span class='ocrx_word' id='word_1_118' title='bbox 991 2549 1068 2595; x_wconf 90' lang='lat' dir='ltr'><em>non</em></span> <span class='ocrx_word' id='word_1_119' title='bbox 1079 2518 1274 2594; x_wconf 85' lang='lat' dir='ltr'><em>descende-</em></span> 
     </span>
     <span class='ocr_line' id='line_1_20' title="bbox 276 2627 1280 2756; baseline -0.039 -12"><span class='ocrx_word' id='word_1_120' title='bbox 276 2678 367 2754; x_wconf 74' lang='lat' dir='ltr'><em>rim,</em></span> <span class='ocrx_word' id='word_1_121' title='bbox 395 2689 443 2735; x_wconf 79' lang='lat' dir='ltr'><em>ex</em></span> <span class='ocrx_word' id='word_1_122' title='bbox 462 2660 594 2756; x_wconf 85' lang='lat' dir='ltr'><em>quibus</em></span> <span class='ocrx_word' id='word_1_123' title='bbox 615 2655 690 2724; x_wconf 86' lang='lat' dir='ltr'><em>duo</em></span> <span class='ocrx_word' id='word_1_124' title='bbox 700 2674 789 2749; x_wconf 85' lang='lat' dir='ltr'><em>prae</em></span> <span class='ocrx_word' id='word_1_125' title='bbox 808 2651 950 2720; x_wconf 85' lang='lat' dir='ltr'><em>coeteris</em></span> <span class='ocrx_word' id='word_1_126' title='bbox 968 2642 1125 2715; x_wconf 80' lang='lat' dir='ltr'><em>illustres</em></span> <span class='ocrx_word' id='word_1_127' title='bbox 1142 2627 1280 2708; x_wconf 69' lang='lat' dir='ltr'><em>‘medici</em></span> 
     </span>
     <span class='ocr_line' id='line_1_21' title="bbox 271 2757 1276 2876; baseline -0.041 -15"><span class='ocrx_word' id='word_1_128' title='bbox 271 2801 354 2862; x_wconf 70' lang='lat' dir='ltr'><em>‘non</em></span> <span class='ocrx_word' id='word_1_129' title='bbox 361 2785 527 2876; x_wconf 87' lang='lat' dir='ltr'><em>fuissent</em></span> <span class='ocrx_word' id='word_1_130' title='bbox 537 2766 730 2853; x_wconf 83' lang='lat' dir='ltr'><em>reticendi,</em></span> <span class='ocrx_word' id='word_1_131' title='bbox 750 2763 1006 2836; x_wconf 77' lang='lat' dir='ltr'><em>Boeritaaoius</em></span> <span class='ocrx_word' id='word_1_132' title='bbox 1024 2772 1061 2853; x_wconf 88' lang='lat' dir='ltr'><em>et</em></span> <span class='ocrx_word' id='word_1_133' title='bbox 1076 2757 1276 2848; x_wconf 89' lang='lat' dir='ltr'><em>Hoffmau·</em></span> 
     </span>
     <span class='ocr_line' id='line_1_22' title="bbox 279 2878 1279 2998; baseline -0.038 -20"><span class='ocrx_word' id='word_1_134' title='bbox 279 2931 349 2977; x_wconf 90' lang='lat' dir='ltr'><em>nus</em></span> <span class='ocrx_word' id='word_1_135' title='bbox 356 2957 367 2989; x_wconf 93' lang='lat'><em>,</em></span> <span class='ocrx_word' id='word_1_136' title='bbox 386 2917 545 2998; x_wconf 83' lang='lat' dir='ltr'><em>quorum</em></span> <span class='ocrx_word' id='word_1_137' title='bbox 568 2901 721 2982; x_wconf 86' lang='lat' dir='ltr'><em>uterque</em></span> <span class='ocrx_word' id='word_1_138' title='bbox 745 2906 829 2952; x_wconf 88' lang='lat' dir='ltr'><em>oum</em></span> <span class='ocrx_word' id='word_1_139' title='bbox 846 2878 893 2950; x_wconf 87' lang='lat' dir='ltr'><em>de</em></span> <span class='ocrx_word' id='word_1_140' title='bbox 911 2878 1067 2960; x_wconf 85' lang='lat' dir='ltr'><em>morbis,</em></span> <span class='ocrx_word' id='word_1_141' title='bbox 1092 2888 1130 2942; x_wconf 91' lang='lat' dir='ltr'><em>et</em></span> <span class='ocrx_word' id='word_1_142' title='bbox 1152 2896 1279 2942; x_wconf 90' lang='lat' dir='ltr'><em>eorum</em></span> 
     </span>
    </p>
   </div>
   <div class='ocr_carea' id='block_1_3' title="bbox 271 2994 1281 3242">
    <p class='ocr_par' dir='ltr' id='par_1_4' title="bbox 271 2994 1281 3242">
     <span class='ocr_line' id='line_1_23' title="bbox 281 2994 1281 3105; baseline -0.038 -9"><span class='ocrx_word' id='word_1_143' title='bbox 281 3023 473 3096; x_wconf 83' lang='lat' dir='ltr'><em>curatione</em></span> <span class='ocrx_word' id='word_1_144' title='bbox 487 3020 651 3105; x_wconf 80' lang='lat' dir='ltr'><em>agerent,</em></span> <span class='ocrx_word' id='word_1_145' title='bbox 661 2999 754 3098; x_wconf 89' lang='lat' dir='ltr'><em>quid</em></span> <span class='ocrx_word' id='word_1_146' title='bbox 751 3012 845 3096; x_wconf 82' lang='lat' dir='ltr'><em>post</em></span> <span class='ocrx_word' id='word_1_147' title='bbox 857 2994 1022 3092; x_wconf 76' lang='lat' dir='ltr'><em>singulos</em></span> <span class='ocrx_word' id='word_1_148' title='bbox 1018 2995 1106 3085; x_wconf 91' lang='lat' dir='ltr'><em>fere</em></span> <span class='ocrx_word' id='word_1_149' title='bbox 1116 2997 1281 3090; x_wconf 78' lang='lat' dir='ltr'><em>ipsorum</em></span> 
     </span>
     <span class='ocr_line' id='line_1_24' title="bbox 271 3112 1280 3242; baseline -0.039 -30"><span class='ocrx_word' id='word_1_150' title='bbox 271 3165 348 3242; x_wconf 85' lang='lat' dir='ltr'><em>per</em></span> <span class='ocrx_word' id='word_1_151' title='bbox 366 3147 570 3206; x_wconf 90' lang='lat' dir='ltr'><em>anatomen</em></span> <span class='ocrx_word' id='word_1_152' title='bbox 595 3124 750 3216; x_wconf 80' lang='lat' dir='ltr'><em>reperiri</em></span> <span class='ocrx_word' id='word_1_153' title='bbox 772 3112 910 3199; x_wconf 90' lang='lat' dir='ltr'><em>soleat,</em></span> <span class='ocrx_word' id='word_1_154' title='bbox 935 3119 1280 3200; x_wconf 75' lang='lat' dir='ltr'><em>commemorarunt.</em></span> 
     </span>
    </p>
   </div>
   <div class='ocr_carea' id='block_1_4' title="bbox 181 3230 1295 4062">
    <p class='ocr_par' dir='ltr' id='par_1_5' title="bbox 181 3230 1295 4062">
     <span class='ocr_line' id='line_1_25' title="bbox 283 3230 1284 3332; baseline -0.039 -2"><span class='ocrx_word' id='word_1_155' title='bbox 283 3265 366 3332; x_wconf 83' lang='lat' dir='ltr'><em>Huc</em></span> <span class='ocrx_word' id='word_1_156' title='bbox 384 3247 587 3325; x_wconf 85' lang='lat' dir='ltr'><em>addamus,</em></span> <span class='ocrx_word' id='word_1_157' title='bbox 603 3242 638 3310; x_wconf 88' lang='lat' dir='ltr'><em>si</em></span> <span class='ocrx_word' id='word_1_158' title='bbox 643 3237 738 3331; x_wconf 86' lang='lat' dir='ltr'><em>fieri</em></span> <span class='ocrx_word' id='word_1_159' title='bbox 742 3245 886 3330; x_wconf 83' lang='lat' dir='ltr'><em>potest,</em></span> <span class='ocrx_word' id='word_1_160' title='bbox 906 3244 998 3326; x_wconf 89' lang='lat' dir='ltr'><em>quot</em></span> <span class='ocrx_word' id='word_1_161' title='bbox 1013 3230 1284 3298; x_wconf 91' lang='lat' dir='ltr'><em>suorum-intra</em></span> 
     </span>
     <span class='ocr_line' id='line_1_26' title="bbox 276 3341 1280 3474; baseline -0.037 -28"><span class='ocrx_word' id='word_1_162' title='bbox 276 3371 379 3474; x_wconf 84' lang='lat' dir='ltr'><em>illud</em></span> <span class='ocrx_word' id='word_1_163' title='bbox 386 3370 547 3466; x_wconf 86' lang='lat' dir='ltr'><em>spatium</em></span> <span class='ocrx_word' id='word_1_164' title='bbox 557 3346 873 3452; x_wconf 82' lang='lat' dir='ltr'><em>temporisGailia</em></span> <span class='ocrx_word' id='word_1_165' title='bbox 882 3347 1057 3418; x_wconf 80' lang='lat' dir='ltr'><em>imbuerit</em></span> <span class='ocrx_word' id='word_1_166' title='bbox 1074 3341 1193 3416; x_wconf 87' lang='lat' dir='ltr'><em>eidem</em></span> <span class='ocrx_word' id='word_1_167' title='bbox 1204 3355 1280 3411; x_wconf 87' lang='lat' dir='ltr'><em>stu-</em></span> 
     </span>
     <span class='ocr_line' id='line_1_27' title="bbox 181 3459 1283 3570; baseline -0.024 -18"><span class='ocrx_word' id='word_1_168' title='bbox 181 3549 182 3552; x_wconf 63' lang='lat'><em>,</em></span> <span class='ocrx_word' id='word_1_169' title='bbox 277 3492 346 3566; x_wconf 83' lang='lat' dir='ltr'><em>dio</em></span> <span class='ocrx_word' id='word_1_170' title='bbox 355 3465 877 3570; x_wconf 87' lang='lat' dir='ltr'><em>addictos,aut,quoniamid</em></span> <span class='ocrx_word' id='word_1_171' title='bbox 875 3466 971 3560; x_wconf 85' lang='lat' dir='ltr'><em>fieri</em></span> <span class='ocrx_word' id='word_1_172' title='bbox 985 3459 1283 3558; x_wconf 83' lang='lat' dir='ltr'><em>nequit,aliquot</em></span> 
     </span>
     <span class='ocr_line' id='line_1_28' title="bbox 279 3576 1279 3686; baseline -0.039 -3"><span class='ocrx_word' id='word_1_173' title='bbox 279 3605 422 3686; x_wconf 40' lang='lat' dir='ltr'><em>saltem¹</em></span> <span class='ocrx_word' id='word_1_174' title='bbox 435 3623 483 3671; x_wconf 75' lang='lat' dir='ltr'><em>ea</em></span> <span class='ocrx_word' id='word_1_175' title='bbox 511 3606 618 3664; x_wconf 88' lang='lat' dir='ltr'><em>tanto</em></span> <span class='ocrx_word' id='word_1_176' title='bbox 643 3608 797 3658; x_wconf 88' lang='lat' dir='ltr'><em>numero</em></span> <span class='ocrx_word' id='word_1_177' title='bbox 825 3586 1070 3662; x_wconf 89' lang='lat' dir='ltr'><em>nominemus,</em></span> <span class='ocrx_word' id='word_1_178' title='bbox 1098 3576 1279 3649; x_wconf 87' lang='lat' dir='ltr'><em>Jaoobum</em></span> 
     </span>
     <span class='ocr_line' id='line_1_29' title="bbox 285 3693 1295 3820; baseline -0.037 -25"><span class='ocrx_word' id='word_1_179' title='bbox 285 3718 663 3820; x_wconf 78' lang='lat' dir='ltr'><em>Sylvium,ioannem</em></span> <span class='ocrx_word' id='word_1_180' title='bbox 681 3699 912 3784; x_wconf 85' lang='lat' dir='ltr'><em>Fernelium,</em></span> <span class='ocrx_word' id='word_1_181' title='bbox 939 3693 1173 3768; x_wconf 90' lang='lat' dir='ltr'><em>Guilielmum</em></span> <span class='ocrx_word' id='word_1_182' title='bbox 1190 3695 1295 3762; x_wconf 45' lang='lat' dir='ltr'><em>Bon-¹</em></span> 
     </span>
     <span class='ocr_line' id='line_1_30' title="bbox 284 3804 1283 3918; baseline -0.038 -6"><span class='ocrx_word' id='word_1_183' title='bbox 284 3841 458 3918; x_wconf 86' lang='lat' dir='ltr'><em>deletium</em></span> <span class='ocrx_word' id='word_1_184' title='bbox 467 3885 478 3918; x_wconf 93' lang='lat'><em>,</em></span> <span class='ocrx_word' id='word_1_185' title='bbox 495 3826 736 3900; x_wconf 86' lang='lat' dir='ltr'><em>Ambrosium</em></span> <span class='ocrx_word' id='word_1_186' title='bbox 749 3823 943 3902; x_wconf 78' lang='lat' dir='ltr'><em>Panemo,</em></span> <span class='ocrx_word' id='word_1_187' title='bbox 956 3811 1141 3907; x_wconf 80' lang='lat' dir='ltr'><em>iacobum</em></span> <span class='ocrx_word' id='word_1_188' title='bbox 1156 3804 1253 3878; x_wconf 88' lang='lat' dir='ltr'><em>Holl</em></span> <span class='ocrx_word' id='word_1_189' title='bbox 1270 3841 1283 3858; x_wconf 93' lang='lat'><em>·</em></span> 
     </span>
     <span class='ocr_line' id='line_1_31' title="bbox 243 3925 1284 4062; baseline -0.039 -27"><span class='ocrx_word' id='word_1_190' title='bbox 243 4055 246 4062; x_wconf 24' lang='grc' dir='ltr'>Ι</span> <span class='ocrx_word' id='word_1_191' title='bbox 282 3968 392 4044; x_wconf 92' lang='lat' dir='ltr'><em>rium,</em></span> <span class='ocrx_word' id='word_1_192' title='bbox 406 3942 727 4024; x_wconf 80' lang='lat' dir='ltr'><em>Bartholornceurn</em></span> <span class='ocrx_word' id='word_1_193' title='bbox 740 3935 861 4010; x_wconf 84' lang='lat' dir='ltr'><em>Cabro</em></span> <span class='ocrx_word' id='word_1_194' title='bbox 866 3930 968 4020; x_wconf 86' lang='lat' dir='ltr'><em>lium,</em></span> <span class='ocrx_word' id='word_1_195' title='bbox 982 3925 1181 4006; x_wconf 83' lang='lat' dir='ltr'><em>Andream</em></span> <span class='ocrx_word' id='word_1_196' title='bbox 1191 3927 1284 4025; x_wconf 80' lang='lat' dir='ltr'><em>Lau</em></span> 
     </span>
    </p>
   </div>
   <div class='ocr_carea' id='block_1_5' title="bbox 0 0 1412 4660">
    <p class='ocr_par' dir='ltr' id='par_1_6' title="bbox 0 0 1412 4660">
     <span class='ocr_line' id='line_1_32' title="bbox 0 0 1412 4660; baseline 0 0"><span class='ocrx_word' id='word_1_197' title='bbox 0 0 1412 4660; x_wconf 95' lang='lat' dir='ltr'><em> </em></span> 
     </span>
    </p>
   </div>
  </div>
 </body>
</html>
