2842 4672
261 407 307 486 38
425 429 471 476 nn
497 426 644 486 stamus
670 427 712 478 m
738 426 862 477 ctnsls
888 427 1097 502 notionum

262 542 331 617 sed
354 539 505 639 aliquid
528 539 721 615 duntaxat
747 543 937 637 conjicere.
957 544 1042 616 ,Non
1069 557 1149 614 enat
1174 557 1269 616 tune

261 661 394 760 igitur,
415 683 500 733 eum
519 681 600 728 eam
616 655 969 754 epistolamemisit,
988 682 1056 732 cur
1075 657 1271 755 objiceret,

262 804 301 858 se
318 798 516 874 nunquam
535 777 574 845 in
598 775 842 859 cadaveribus
867 775 1068 852 humorem
1087 780 1273 876 crystalli·

263 923 357 970 num
368 890 737 968 cataractaatfectum
749 875 898 984 vidisse,
911 895 1036 991 inquo
1051 896 1113 968 ille
1126 921 1274 994 aqueus
1390 938 1398 950 x

264 1015 409 1092 deesset
424 1011 571 1109 liqu0r3
588 1035 676 1085 nam
698 1037 784 1088 vere
805 1027 841 1084 et
857 1037 928 1112 ego
948 1013 994 1086 de
1012 1029 1195 1088 cataracta
1214 1015 1272 1086 lo·
1415 1019 1416 1028 ’

263 1149 394 1208 cutum
409 1155 469 1200 me
484 1153 580 1222 esse,
590 1155 726 1228 negare
739 1131 945 1228 potuissem
955 1159 966 1221 ;
977 1135 1191 1228 Hecquetus
1209 1155 1273 1204 au-

264 1265 352 1338 tem,
362 1275 476 1347 quem
491 1250 626 1323 acriter
637 1248 806 1347 urgebat,
822 1253 852 1324 si
865 1249 1005 1324 diutius
1016 1251 1183 1340 vixisset,
1193 1275 1273 1322 res-

263 1369 472 1470 ponderet,
486 1392 558 1438 neo
572 1368 722 1439 vascula
742 1365 952 1466 sanguifera
968 1375 1007 1442 in
1027 1368 1106 1442 ullo
1125 1369 1276 1468 crystal-

262 1489 344 1566 lino
364 1487 526 1560 humore
542 1485 588 1558 ab
608 1485 674 1556 illo
693 1500 894 1583 conspecta
914 1511 992 1560 esse
1005 1485 1076 1584 (1),
1095 1510 1177 1583 quae
1193 1511 1274 1560 non

261 1605 382 1679 modo
402 1605 560 1680 eximius
579 1605 811 1680 anatomicus
825 1603 1066 1678 Winslowius
1083 1605 1136 1703 (α)
1147 1606 1199 1677 sic
1217 1629 1277 1677 sa-

265 1725 312 1804 tis
330 1714 377 1794 ab
389 1749 427 1796 se
444 1724 521 1795 visa
537 1721 729 1811 indicavit,
738 1720 804 1793 sed
817 1736 873 1796 tot
885 1723 946 1794 alii
960 1723 1124 1798 illustres
1135 1723 1217 1810 viri,
1226 1722 1276 1794 ab

269 1842 514 1920 solertissimo
540 1841 672 1916 Zinnio
702 1839 777 1937 (3),
801 1841 868 1940 qui
893 1856 930 1914 et
955 1841 1035 1940 ipse
1058 1841 1171 1928 vidit,
1194 1841 1279 1912 lau-

269 1961 366 2050 dati,
388 1974 692 2059 perspexerunt:
715 1973 847 2033 eontra
865 1974 991 2032 autem
1018 1985 1116 2057 quos
1144 1985 1277 2032 surcu-

266 2081 324 2152 los
338 2081 477 2152 Potitus
493 2079 546 2176 (A)
561 2080 640 2153 sine
658 2077 736 2153 ulla
753 2077 993 2152 dubitatione
1012 2077 1209 2168 docuerat,
1228 2077 1277 2150 ab

265 2213 370 2271 sexto
395 2215 601 2270 nervorum
630 2197 713 2294 pari
740 2195 933 2270 eiliaribus
955 2197 1081 2270 nervis
1106 2197 1210 2286 addi,
1239 2213 1278 2270 et

268 2314 371 2389 oculi
386 2315 566 2388 interiora
587 2312 732 2402 subire,
756 2311 863 2388 nulla
884 2321 1130 2386 recentiorum
1149 2315 1278 2386 indut-

269 2437 360 2518 tria,
376 2445 420 2501 ut
437 2429 538 2503 idem
556 2429 830 2506 eruditissimus
846 2432 1001 2507 Zinnius
1016 2431 1069 2530 (5)
1084 2433 1277 2531 loquitur,

268 2549 488 2644 confirmari
500 2547 675 2645 potuisse.
696 2553 839 2622 Verum
862 2565 924 2639 ut,
944 2557 1277 2649 Hacquetosepm

270 2668 362 2754 sito,
382 2665 429 2737 ad
447 2691 506 2741 me
523 2691 644 2741 unum
661 2667 834 2758 redeam3
860 2695 908 2742 ne
925 2684 1006 2746 tum
1019 2669 1173 2766 quidem
1189 2693 1277 2740 cnm

269 2797 401 2882 postea
411 2807 456 2855 ex
472 2784 653 2883 opinione
664 2785 726 2860 illa
740 2811 862 2859 meam
875 2786 1078 2884 quamdam
1091 2788 1208 2874 ‚inter
1221 2801 1278 2862 tot

269 2902 377 2992 alias,
393 2915 582 2975 cataracta
595 2927 743 2981 causam
762 2905 847 2986 elici
864 2929 973 3002 posse
989 2905 1146 3001 conjeci,
1159 2905 1206 2976 de
1222 2921 1279 2976 tn-

271 3016 521 3093 talt'humoris
539 3019 638 3092 illius
650 3021 761 3118 aquei
771 3019 939 3110 defectu,
957 3022 1024 3094 sed
1040 3020 1086 3093 de
1107 3023 1186 3119 ejus
1198 3039 1279 3094 tan-

269 3156 352 3212 tum
376 3137 645 3229 diminutione,
664 3140 921 3236 conjecturam
934 3143 1138 3240 proposui:
1163 3167 1278 3240 qnam

270 3257 563 3334 diminutionem
591 3281 670 3332 esse
698 3259 738 3368 in
764 3281 810 3335 eo
835 3257 972 3332 morbo
998 3259 1046 3332 ah
1076 3285 1114 3334 se
1140 3262 1277 3351 visam,

231 2651 253 2692 Ι

362 3705 482 3779 ῚΕιροε.
497 3706 586 3761 Anat.
600 3715 638 3760 tr.
651 3703 687 3760 de
699 3705 727 3760 la
744 3706 815 3776 tete,
830 3727 861 3762 n.
874 3707 943 3764 301.

374 3805 518 3880 Descript·
531 3808 619 3864 Anat·
631 3807 709 3862 ocul.
722 3801 803 3867 hum.
822 3825 837 3864 c
852 3804 884 3878 ὅ,
904 3811 919 3878 s
935 3811 962 3873 t.

374 3905 464 3960 th.
482 3905 518 3961 de
530 3905 642 3960 l’Acad.
657 3907 691 3960 R.
705 3906 756 3964 des
769 3908 817 3966 Sc.
829 3925 877 3965 an.
894 3909 979 3980 1727.

374 4007 476 4064 Descr.
492 4004 542 4061 eit.
555 4023 580 4061 e.
594 4023 627 4079 9,
645 4005 702 4077 58.
757 4086 762 4090 .
