2832 4662
238 443 306 492 tta.
334 444 384 491 11..
403 437 456 490 os*
474 441 610 491 nonus
634 440 833 508 rnorscls,
857 437 1053 496 rrtsroxr„
1082 420 1150 495 tot
1213 445 1214 450 ¹

152 555 531 656 guandamjccinoris
550 553 885 628 inflammationem
916 553 1070 632 fortasse
1097 583 1154 634 re·
1223 621 1225 628 Α

151 675 296 770 quiras,
311 659 375 744 aut
389 698 437 744 ne
447 674 527 771 ipsa
537 673 691 772 quidem
704 671 925 764 defuerunt3
937 685 1155 772 quanquam

150 815 171 860 a
187 791 356 863 Valsalva
372 789 468 862 forte
483 790 523 860 in
541 814 586 861 eo
606 814 735 860 rerum
749 813 918 866 numero
935 802 1024 861 sunt
1039 793 1154 863 omis-

139 888 188 979 sa
209 935 216 977 :
239 922 310 982 ,aut
336 903 748 999 si·defuerunt,fuisse
766 920 891 977 tamen
911 921 1087 1005 poterant
1108 908 1152 979 iis

149 1024 329 1098 duntaxat
344 1025 475 1123 positis
487 1023 585 1102 vitiis
598 1047 682 1120 quae
692 1023 734 1108 in
744 1022 927 1096 cadavere
938 1022 1152 1121 deprehen·

148 1165 188 1214 sa
199 1157 402 1216 suntraut
419 1139 584 1238 denique
598 1141 629 1210 si
642 1138 720 1210 hoc
732 1164 813 1210 non
829 1138 939 1212 facilc
956 1140 1150 1230 concedis,

148 1259 332 1332 concedas
356 1273 456 1332 certe
478 1281 629 1330 necesse
658 1271 733 1346 est,
759 1258 942 1357 pleraque
958 1257 1020 1330 hic
1047 1258 1153 1356 sig-na

144 1373 257 1450 fuisse
273 1376 420 1474 hepatis
436 1373 670 1462 inflammati3
689 1373 818 1444 rarum
835 1391 961 1446 autem
976 1399 1079 1464 esse,
1107 1388 1152 1448 ut
1188 1441 1190 1444 Α

143 1493 185 1563 in
200 1492 387 1564 medicina
396 1489 565 1578 facienda
574 1491 686 1563 unius
695 1490 894 1586 cujuslibet
906 1492 1032 1564 morbi
1046 1493 1151 1591 signa

143 1611 320 1681 universa
343 1633 571 1680 concurrere
590 1607 791 1679 videamus
818 1609 904 1696 Quo
924 1610 1043 1704 magis
1062 1633 1148 1680 cau*

143 1741 203 1800 tos
222 1749 301 1798 esse
314 1725 422 1798 decet
436 1725 608 1798 medicos
623 1725 663 1797 in
683 1749 732 1796 ea
742 1737 847 1823 parte
860 1749 942 1822 quae
952 1725 1093 1795 merito
1100 1724 1147 1796 ab

143 1847 371 1942 Hippocrate
388 1843 441 1941 (1)
462 1843 627 1940 dffficilis
642 1843 892 1941 pronunciata
908 1853 981 1928 est,
1003 1839 1148 1937 judicio

142 1958 336 2050 videficet,
358 1960 562 2060 praesertim
584 1975 676 2030 'vero
694 1956 761 2031 ubi
782 1959 823 2029 in
843 1957 1145 2056 eademregione

144 2077 314 2174 eorporis
335 2101 418 2175 quae
437 2074 568 2148 affecta
601 2091 674 2165 est,
697 2076 809 2174 plura
837 2073 1016 2164 subsunt,
1042 2075 1147 2148 velut

142 2190 225 2265 hic.¹
241 2195 336 2266 Nam
359 2217 459 2294 pone
483 2194 590 2288 jecur
605 2191 753 2264 dexter‘
760 2191 890 2290 pulmo
910 2190 1061 2264 suberat
1088 2193 1145 2264 in-

141 2307 367 2412 flammatus,
379 2307 481 2380 unde
492 2309 602 2381 etiam
616 2308 750 2380 caloris
763 2331 893 2380 seusus
905 2307 952 2378 ad
967 2307 1144 2399 dorsum,
1232 2367 1233 2370 ,

141 2449 273 2510 renem
287 2451 417 2500 versus
436 2425 573 2498 lateris
589 2424 791 2521 ejusdemz‘
812 2439 849 2496 et
872 2445 1089 2522 quanquam
1112 2426 1145 2498 is

139 2543 272 2639 pulmo
288 2569 365 2616 non
380 2559 460 2616 erat
472 2542 567 2615 adeo
584 2558 692 2615 aucta
707 2541 823 2631 mole,
838 2555 918 2613 erat
942 2557 1074 2618 auctus
1090 2556 1143 2614 ta·

139 2682 257 2748 men,
271 2675 308 2733 et
333 2686 460 2734 serum
485 2676 664 2759 praeterea
684 2659 862 2746 crassius,
881 2682 961 2754 quo
980 2656 1145 2731 thoracis
1198 2665 1203 2674 '

141 2801 252 2851 cavea
279 2778 436 2852 dextera·
456 2779 700 2876 opplebatur,
722 2792 869 2875 septum
888 2790 1143 2848 transversum
1165 2789 1167 2792 ’

115 2939 117 2944 2
141 2894 330 2982 deorsum,
344 2911 381 2966 et
397 2908 613 2965 antrorsum
628 2891 818 2990 urgendo,
830 2891 949 2989 hepar
965 2891 1143 2989 urgebat,

141 3025 178 3082 et
196 3009 270 3081 hoc
285 3011 447 3082 vicissim
464 3011 616 3080 acostis
637 3008 793 3106 spuriis,
810 3030 985 3078 earumve
999 3005 1143 3077 cartila-

141 3125 310 3224 ginibus,
330 3141 367 3198 et
379 3126 591 3198 abdominis
610 3123 804 3212 musculis,
822 3122 1026 3220 praesertim
1044 3123 1143 3201 inter

140 3242 424 3342 respirandum,
444 3243 640 3340 multoque
664 3242 775 3312 etiam
800 3239 934 3337 magis,
964 3238 995 3310 si
1014 3237 1148 3310 admo-

86 3368 88 3372 ’
141 3384 247 3432 veres
266 3385 443 3450 manum,
454 3382 687 3460 repressum,
702 3353 973 3446 inflammatum
993 3355 1142 3453 pulmo·

140 3501 230 3548 nem
238 3477 538 3576 comprimebat,
555 3476 834 3572 molestumque
855 3469 1039 3544 efficiebat
1057 3496 1142 3544 sen-

142 3617 236 3666 sum.
248 3598 330 3666 Huc
340 3593 435 3666 adde
448 3592 662 3692 quadruplo
674 3591 858 3687 majorem
871 3589 979 3663 lienis
989 3589 1142 3677 molem,

661 3799 1145 3829 hum
1220 3807 1224 3813 ⁴

182 3964 278 4056 (qs.
298 3987 333 4042 t,
348 3946 488 4044 aptast
