2820 4662
983 282 993 330 r

148 447 215 496 ms.
242 447 283 495 11.
311 445 358 494 nn
382 431 519 492 nonnis
543 443 734 508 rnonaers,
760 444 871 494 rrrsr.
895 446 998 495 xvrn.
1026 429 1093 515 441

99 561 209 644 ‚simul
223 558 507 662 plussanguinis
519 559 723 656 excipient,
741 558 850 630 simul
862 559 986 632 minus
1001 586 1045 633 ex
1057 588 1096 636 se

100 679 542 778 ejicient3itaquee0rum
555 675 760 748 crassitudo
773 677 915 776 duplici
927 680 973 752 de
988 706 1098 756 causa

97 797 279 900 increscet
295 821 302 863 :
319 818 441 891 eoque
458 797 595 894 magis,
618 794 648 865 si
670 794 728 866 vel
745 809 888 868 meatus
909 822 977 894 per
1001 825 1097 897 quos

96 912 268 1012 ejiciunt,
288 927 420 984 natura
441 914 673 1010 angustiores
691 911 782 1000 sint,
798 928 862 984 aut
880 909 1096 1011 pauciores,

97 1030 154 1102 vel
180 1027 319 1100 orificia
342 1053 411 1128 per
431 1044 513 1128 quae
537 1029 748 1126 excipiunt,
767 1030 930 1126 majora,
950 1049 1032 1122 aut,
1050 1034 1096 1110 si.-

96 1147 174 1218 cuti
190 1147 317 1242 inqhac
334 1145 509 1258 muliere,
526 1170 802 1246 nonnunquam
818 1148 938 1246 plura.
965 1154 1098 1248 Neque

94 1277 222 1336 tamen
246 1263 422 1353 omnibus
443 1289 607 1363 quorum
630 1266 828 1338 ventriculi
849 1267 922 1338 sint
938 1267 1097 1358 dilatati,
1187 1347 1190 1355 ¹

95 1362 335 1454 crassescens
341 1381 481 1454 horum
501 1383 680 1488 parietes,
707 1383 784 1452 imo
812 1383 850 1452 in
869 1377 1096 1480 quibusdam

95 1499 420 1588 extenuabuntur,
440 1500 515 1571 sive
531 1498 635 1596 quod
652 1521 730 1568 non
744 1497 902 1589 eaedem,
916 1479 995 1571 imo
1008 1527 1097 1576 con·

93 1617 215 1688 trariae
235 1620 308 1690 sint
323 1642 343 1688 a
359 1614 576 1715 primordiis
593 1615 890 1702 emissariorum,
906 1631 943 1686 et
957 1619 1097 1690 immis-

91 1735 279 1826 ,sariorum
286 1736 446 1806 istorum
457 1733 645 1822 diametri,
655 1731 729 1803 sive
740 1731 849 1802 etiam
863 1732 967 1828 quod
980 1727 1098 1806 laxior

92 1853 158 1944 sit,
176 1877 298 1949 eoque
315 1852 361 1923 ad
376 1849 588 1922 cedendum
606 1850 764 1946 pronior
780 1862 968 1920 structura
984 1843 1106 1922 fibra-¹

91 1973 182 2040 rum
195 1968 386 2062 interdum
402 1982 587 2055 anatura,
601 1966 690 2036 alias
698 1966 744 2037 ab
758 1961 1099 2068 erodentibus'suc·

93 2089 167 2176 cis,
185 2089 252 2184 qui
268 2069 400 2184 plures
415 2083 469 2182 de·
483 2077 711 2156 tenuissimis
722 2109 767 2156 ex
782 2083 921 2181 quibus
933 2079 1100 2158 illae'coa·

91 2202 263 2289 lescunt,
287 2215 351 2272 aut
368 2225 436 2298 per
454 2224 548 2298 quas
572 2200 669 2272 inter
686 2225 723 2274 se
741 2217 1040 2294 connectuntur,
1059 2199 1100 2276 fi.-

88 2318 225 2390 brillas
242 2307 489 2390 dissolverint.

145 2432 203 2504 36.
231 2434 306 2505 Diu
323 2447 395 2523 est,
416 2448 458 2505 ut
474 2432 594 2532 probe
620 2434 738 2525 nosti,
765 2458 850 2506 cum
868 2434 966 2534 hanc
991 2420 1037 2506 ad
1061 2450 1098 2510 te

91 2548 384 2648 explicationem
401 2539 494 2622 misi,
515 2555 560 2622 In
576 2576 651 2647 qua
662 2551 946 2648 nuncquaedam
957 2576 1035 2625 esse
1045 2553 1098 2622 vi·

91 2669 181 2758 deo,
190 2670 436 2742 cumillustris
449 2671 520 2741 viri
529 2670 673 2741 Senacii
684 2669 1010 2742 observationibus
1020 2695 1099 2740 non

93 2789 393 2880 consentientia,
411 2789 615 2886 praesertim
637 2787 702 2859 ubi
721 2789 775 2885 (r)
790 2788 983 2887 disquirit,
1005 2813 1099 2861 num

91 2906 133 2976 in
153 2903 245 2976 facie
262 2907 441 2977 interiore
454 2907 748 2977 ventriculorum
765 2905 890 2978 cordis
902 2930 1030 2977 revera
1039 2929 1100 3002 pa-

92 3037 200 3096 teant
211 3024 577 3122 oscula,sanguinem
588 3024 626 3094 in
635 3025 737 3121 ipsos
747 3023 1101 3118 emittentia,quemr

95 3138 305 3211 admodum
320 3139 440 3210 videri
456 3154 631 3237 poterant
647 3138 922 3211 demonstrasse
939 3151 996 3209 tot
1011 3138 1102 3214 clari

95 3274 269 3331 auctores
283 3285 379 3358 quos
391 3258 467 3332 sere
480 3284 612 3332 omnes
626 3259 889 3357 sequebantur.
902 3255 1024 3328 Velim
1037 3255 1101 3355 igi·

95 3390 160 3446 tur
167 3401 249 3447 rem
261 3377 472 3476 perpendas
483 3431 493 3468 ,
506 3391 542 3450 et
552 3402 645 3475 quas
656 3377 1009 3476 explicationismeae
1020 3400 1103 3476 par·

96 3492 231 3564 ticulas
246 3493 444 3565 mutandas
466 3494 674 3584 censueris,
694 3508 832 3584 mutes,
856 3508 921 3565 aut
937 3493 1097 3588 abjicias.
1196 3493 1198 3497 ’

97 3609 171 3682 Sed
193 3633 281 3682 cum
296 3610 414 3685 libros
430 3610 528 3684 illius
544 3611 729 3704 versabis,
752 3637 845 3711 saepe
861 3613 901 3685 in
916 3612 986 3684 alia
1005 3613 1098 3683 inci-

105 3825 1090 3854 mmm

140 3974 184 4056 (ι)
206 3979 306 4038 Traite
319 3981 360 4039 du
374 4001 470 4057 coeur,
484 3983 504 4040 l.
520 4001 595 4057 a,c.
610 3981 646 4058 5,
661 4002 691 4042 n.
709 4002 754 4042 ιι.
