2842 4672
298 455 346 547 74
459 471 507 518 mr
533 465 679 519 surmus
697 469 748 519 ur
772 465 896 516 causis
921 458 1130 516 uouaoamr

294 609 388 658 num
404 581 459 681 (1)
478 598 580 658 extat
595 581 792 678 cujusdam
808 580 1043 679 exemplum,
1062 583 1130 680 qui
1143 605 1232 656 cum
1245 584 1302 654 ci-

294 704 343 776 lia
355 701 513 774 haberet
526 700 670 788 albida,
688 700 837 796 quoties
847 699 925 770 baec
938 699 1194 798 pingebantur
1203 715 1304 772 atra·

293 835 444 909 mento,
464 819 598 893 melius
614 817 775 891 videbat.
793 816 914 889 Incidi
931 842 1010 889 non
1031 819 1146 899 semel
1162 819 1202 889 in
1225 817 1302 890 ho-

293 939 599 1034 mines·quorum
614 937 682 1034 pili
701 935 749 1012 ab
767 950 854 1009 ortu
866 920 942 1006 allii
961 951 1089 1026 erant,
1105 935 1301 1034 iidemque

293 1079 426 1130 omnes
452 1053 706 1129 caecutiebant.
733 1056 832 1126 Num
855 1053 906 1126 ob
929 1054 1097 1128 colorem
1119 1053 1303 1128 duntaxat

293 1171 497 1244 ciliorum?
512 1172 635 1244 Facile
655 1169 1023 1270 mimenni-tempus
1040 1187 1079 1244 et
1103 1171 1211 1244 locus
1235 1172 1302 1270 de-

293 1281 443 1386 nigrare
475 1288 558 1360 cilia
585 1290 861 1388 permisissent,
885 1289 1197 1387 experimentum.
1227 1289 1301 1362 Sed

293 1406 459 1502 quidest
478 1405 582 1504 quod
601 1407 648 1483 de
667 1406 799 1480 iisdem
816 1406 963 1495 andivi,
987 1409 1018 1480 si
1036 1405 1195 1505 capillos
1210 1419 1300 1478 ton-

165 1533 170 1542 '
293 1522 427 1613 deant,
446 1539 529 1596 tum
554 1525 675 1598 multo
695 1527 813 1622 magis
838 1526 1009 1598 caecutire
1028 1526 1190 1624 ttonge
1214 1547 1303 1622 gra-

255 1696 259 1708 .
291 1644 395 1714 viora
413 1643 534 1720 oculis
545 1657 607 1733 ,et
623 1642 720 1716 mala
732 1654 843 1730 sunt,
859 1658 896 1714 et
914 1641 1081 1741 pericula
1098 1643 1301 1720 imminent

292 1784 337 1830 ou
352 1760 397 1832 iis
408 1760 583 1832 ciliorum
597 1761 697 1835 vitiis
706 1785 789 1858 quae
802 1761 1009 1848 trichiasis,
1022 1774 1059 1832 et
1074 1755 1298 1832 distichiasis

290 1878 539 1975 appellantur.
556 1879 660 1951 Cillis
672 1880 780 1954 ‘enim
797 1878 924 1952 autad
940 1879 1043 1977 ipsos
1059 1876 1190 1952 oeulos
1205 1900 1300 1948 con-

289 1998 432 2085 versis„
442 2011 506 2068 aut
520 1997 686 2095 pilorum
703 1997 778 2068 alio
790 1995 928 2068 ordine
943 1995 1014 2068 sub
1029 1996 1119 2093 ipsis
1135 2017 1299 2071 sucores-

290 2128 417 2202 cente,
430 2129 468 2186 et
476 2120 673 2212 protimus,
695 2129 738 2185 ut
761 2115 894 2186 Celsus
912 2111 966 2210 (α)
985 2112 1175 2209 loquitur,
1201 2115 1298 2185 intus

289 2231 344 2301 cul
358 2231 700 2318 oeulostendente,
721 2230 938 2306 himoleste
964 2228 1058 2302 adeo
1081 2229 1300 2314 irritantur,

288 2363 331 2419 ut
344 2349 593 2420 irritationem
602 2346 821 2422 insanabilis
834 2404 843 2438 ‚
858 2349 931 2420 nisi
943 2371 986 2420 ea
997 2347 1185 2420 tollantur
1193 2342 1297 2432 vitia,

289 2463 536 2536 inflammatio
544 2465 725 2562 excipiat,
744 2465 843 2537 hanc
864 2479 989 2539 autem
1012 2447 1120 2539 licite
1138 2463 1294 2540 cacitas.

289 2581 386 2652 Tolli
402 2597 526 2654 autem
549 2582 612 2654 illa
631 2584 682 2656 sic
700 2597 743 2656 ut
762 2585 837 2657 cito
855 2608 935 2656 non
950 2581 1126 2668 redeant,
1153 2603 1298 2680 nequa·

289 2722 403 2797 quam
428 2715 607 2798 possunt,
626 2702 700 2776 nisi
719 2725 788 2800 per
806 2725 868 2774 eas
888 2701 1208 2796 curationesquae
1230 2712 1295 2769 aut

288 2816 548 2908 cumdolore,
565 2817 626 2888 vel
637 2820 764 2916 pot-ius
778 2819 865 2892 oum
877 2833 1091 2906 tormento,
1108 2816 1294 2894 autetiam

287 2959 375 3006 cum
399 2935 668 3033 palpebrarum
694 2937 801 3010 limbi
822 2936 1058 3010 mutilatione
1079 2933 1293 3029 conjuncta

286 3054 389 3142 sint,
425 3079 568 3150 quam,
599 3069 734 3152 praeter
761 3054 1056 3141 deformitatem,
1083 3060 1220 3123 'vereor
1243 3073 1292 3120 ne

286 3169 383 3244 forte
401 3172 537 3244 clausis
556 3188 688 3271 postea
703 3182 773 3272 per
789 3172 982 3244 inductam
1002 3171 1216 3282 oioatricem
1231 3193 1292 3241 ex·

285 3292 415 3362 tremis
430 3291 671 3363 sebacearum
689 3315 772 3387 quae
791 3290 831 3360 in
847 3291 955 3361 tarsis
969 3304 1076 3378 sunt,
1095 3286 1291 3386 glandula

273 3431 371 3480 rum
391 3407 589 3497 ductibus,
611 3432 691 3479 non
713 3420 1109 3504 unum-consequatur
1128 3405 1290 3496 aliorum

285 3643 376 3738 dum
392 3647 525 3745 utique
548 3642 695 3733 fuisset,
721 3660 765 3716 ut
787 3645 966 3717 auxilium
990 3644 1120 3716 saltem
1141 3640 1292 3713 adeam

321 3929 365 4006 (1)
387 3931 501 3986 Comm.
517 3931 548 3986 iu
563 3933 628 3987 Gal.
642 3931 678 3988 de
688 3933 742 3988 Us.
754 3934 832 3988 Part.
845 3933 866 3988 l.
880 3950 930 4003 ro,
943 3950 968 3989 c.
985 3950 1014 4001 7.

320 4029 365 4104 la)
385 4031 430 4086 De
447 4029 556 4103 Medic.
569 4033 590 4089 l.
604 4051 639 4105 7,
654 4051 679 4088 c.
693 4051 773 4106 7„n.
788 4029 817 4086 8.

285 3524 509 3596 morborum
528 3550 656 3625 genus.
681 3531 764 3597 Haec
791 3550 879 3596 cum
901 3527 951 3598 ita
973 3527 1064 3611 tint,
1086 3537 1290 3622 peroptan·
1403 3547 1404 3572 ¹
