2842 4672
276 353 324 440 48
446 375 492 420 nr
519 369 665 420 scurrus
690 371 738 422 rr.
761 367 885 418 cursu
910 365 1124 424 uonaonutt
1178 333 1183 346 ⁵

275 484 458 585 Equidem
474 511 544 584 ego
561 509 715 583 quoque
735 507 824 554 eum
843 509 925 555 rem
941 500 1069 558 mente
1089 486 1130 557 in
1149 507 1297 560 omnes

274 621 400 706 partes
416 628 624 690 versarem,
637 600 719 674 fieri
734 626 845 700 posse
865 602 1178 702 indicavi(1),ut
1199 605 1295 677 banc

276 731 390 796 etiam
403 724 626 814 suffusionis
640 719 772 817 aliqua
790 725 928 818 speeies
949 736 1060 792 ecetra
1081 717 1293 794 humorem

277 841 553 936 crystallinum,
571 840 723 934 ejusque
738 843 900 908 tunicam
919 851 1015 910 esset
1034 837 1288 933 agnosoenda.

276 960 350 1032 Sed
361 979 486 1055 neque
497 980 625 1026 raram
633 953 730 1025 adeo
745 953 910 1043 credidi,
924 979 1052 1052 neque
1061 954 1163 1026 unde
1177 971 1291 1045 esset,

275 1094 319 1152 ut
335 1075 450 1149 semel
467 1076 681 1170 iterumque
693 1072 829 1144 diserte
845 1071 942 1160 (fixi,
957 1070 1166 1169 quidquam
1181 1073 1290 1144 volui

276 1197 356 1270 sine
374 1193 478 1276 aliis,
498 1188 636 1288 quibus
649 1189 833 1262 hacteuus
849 1191 971 1276 carui,
981 1188 1139 1289 paribus
1153 1189 1291 1264 dissec-

274 1314 424 1386 tionum
444 1307 794 1409 opportunitatibus
820 1307 1047 1396 decernere,
1067 1332 1154 1379 cum
1175 1307 1287 1405 quid·

275 1424 369 1524 quid
386 1425 635 1520 conjicerem,
653 1421 793 1520 quibus
808 1421 1015 1493 obnoxium
1025 1439 1122 1496 esset
1139 1423 1288 1497 dubita·

276 1541 467 1630 tionibuS,
487 1565 557 1612 nec
572 1541 652 1638 ipse
665 1541 871 1629 nescirem,
887 1562 957 1609 nec
977 1540 1184 1613 lectoribus
1198 1543 1287 1614 reti·

275 1684 412 1732 cerem.
424 1663 469 1730 Et
482 1655 679 1756 sperabam
689 1655 855 1753 quidem,
865 1654 944 1728 fore
953 1658 1096 1729 interea
1108 1658 1175 1756 qui
1184 1683 1286 1730 meas

275 1778 370 1849 mihi
384 1775 637 1856 dubitationes
655 1774 872 1846 eximerent.
892 1777 1036 1846 Verum
1047 1790 1090 1856 ut
1102 1775 1286 1848 senexille
1315 1772 1317 1776 ’
1406 1841 1407 1848 ,

276 1896 378 1995 apud
394 1895 612 1968 Terentium
632 1889 706 1988 (a),
721 1916 825 1962 nunc
847 1895 1023 1963 incertior
1042 1917 1124 1964 sum
1142 1891 1284 1978 multe,

275 2011 562 2112 quamdudum.
582 2013 716 2108 Neque
743 2011 844 2082 enim
864 2017 1000 2108 posui,
1021 2010 1087 2082 sed
1111 2036 1287 2108 quaeren-

274 2131 367 2206 dum
395 2117 601 2229 proposui,
628 2153 675 2200 an
703 2128 931 2226 glutinosam
958 2129 1062 2199 illam
1085 2129 1284 2220 materiam

275 2248 491 2346 crystallina
503 2248 631 2318 tunica
647 2242 743 2316 forte
754 2269 950 2318 secernere
968 2247 1213 2345 perrexisset,
1230 2244 1285 2316 id·

275 2390 351 2464 que
366 2378 517 2462 egomet
534 2387 619 2434 curn
637 2387 708 2460 per
726 2362 814 2451 alia,
831 2378 914 2434 turn
930 2389 1004 2467 per
1024 2389 1067 2436 ea
1085 2365 1184 2468 ipsa,
1200 2387 1285 2462 quae

272 2481 369 2554 mihi
384 2483 502 2552 miror
518 2505 623 2552 nunc
643 2477 757 2575 objici
774 2467 1089 2581 (3),1mpug1'1avi
1082 2482 1285 2572 Qu'aeren·

273 2598 367 2670 dum
378 2599 491 2680 etiam
508 2597 602 2686 dixi,
618 2622 711 2668 num
733 2597 795 2668 illa
817 2595 916 2670 forte
933 2601 1089 2672 materia
1099 2623 1195 2697 ,per
1211 2597 1284 2671 hu-

165 2736 167 2741 ’
273 2739 420 2790 morem
437 2737 603 2812 aqueum
615 2715 804 2814 dispersa,
817 2732 947 2816 postea
965 2743 1002 2790 se
1012 2719 1067 2788 illi
1081 2718 1216 2790 tunicae
1226 2744 1284 2816 ag-

272 2834 501 2934 glutinasset.
521 2838 576 2904 De
592 2859 670 2931 quo
683 2837 823 2933 pariter
838 2861 925 2908 cum
935 2834 1189 2908 dubitandum
1199 2859 1280 2908 esse

272 2951 575 3040 admonuissem,
591 2955 796 3051 praesertim
821 2957 909 3051 quia
927 2955 978 3026 sic
1002 2953 1085 3026 fieri
1109 2979 1189 3024 non
1214 2977 1280 3054 plo-
1312 2975 1340 2988 ”
1366 3035 1369 3042 ,
1406 2967 1407 2986 ¹

273 3072 422 3159 tuisset,
450 3071 545 3168 quin
565 3071 651 3142 iridi
674 3095 852 3170 quoque,
874 3072 1031 3170 aliisque
1052 3070 1224 3170 partibus
1242 3095 1292 3142 se

272 3189 544 3286 agglutinaret3
569 3213 769 3286 nunquam
787 3205 1063 3287 expectassem,
1092 3190 1192 3260 inter
1211 3213 1281 3260 cae-

272 3312 352 3378 t‘era
370 3305 446 3376 hoc
461 3330 686 3404 responsum
706 3309 771 3378 iri:
792 3308 959 3378 tunicam
975 3306 1075 3377 illam
1099 3305 1289 3402 crystalli-¹

274 3425 336 3512 ni,
357 3423 423 3494 ubi
437 3422 550 3494 homo
561 3449 732 3495 somnum
748 3429 867 3522 capit,
886 3449 959 3522 quo
978 3439 1143 3524 tempore
1161 3429 1280 3494 visco-

310 3728 355 3808 (ι)
375 3731 469 3806 Epist.
484 3733 573 3787 Anat.
590 3731 643 3802 18,
658 3750 688 3786 n.
708 3730 827 3806 24‚25.

310 3827 576 3906 (a)Phor1u.Act.
592 3848 626 3904 α,
641 3849 682 3889 sc
696 3837 724 3899 l.

304 3925 410 4006 (3.)Ε
429 3928 591 4004 1‚eit.§6
