2842 4672
286 425 333 500 68
452 449 499 498 oa
524 447 671 498 snomus
696 449 741 497 rr
765 445 890 498 cauus
916 445 1126 502 uonnoaotr

288 555 453 636 uti‘alias
470 563 525 661 (1)
543 561 723 652 scribam,
744 565 911 676 pervicta
934 579 1000 638 est.
1026 569 1158 665 ltaque
1174 559 1294 640 annos

287 680 376 753 inde
393 683 470 778 jam
489 705 627 752 novem
642 680 761 752 oculis
778 679 896 754 ferme
916 696 959 753 ut
974 682 1066 754 olim
1079 683 1205 771 valeo,
1223 707 1293 757 nec

285 800 366 872 ullo
374 799 500 871 adhuc
508 823 601 896 egeo
612 798 822 896 conspicilli
831 797 1062 894 adjumento.
1070 803 1172 873 Faxit
1181 805 1294 892 DeuS,

285 944 335 990 ne
351 918 470 1014 magis
478 916 677 1013 ntagisque
689 915 952 1012 ingravescens
961 929 1048 988 aetas
1060 916 1215 991 illorum
1229 920 1295 988 mi·
1393 963 1394 1016 p

285 1035 327 1107 hi
346 1035 545 1107 utilitatem
563 1033 772 1102 imminuat.
804 1036 946 1104 Verum
970 1031 1079 1105 abiis
1095 1059 1193 1131 quos
1211 1035 1292 1133 ipse

284 1149 445 1250 pertuli,
467 1147 513 1220 ad
524 1172 588 1219 eos
605 1173 702 1245 quos
720 1149 760 1218 in
778 1148 939 1220 aliorum
956 1149 1076 1222 oculis
1089 1152 1291 1224 exteriores

286 1266 442 1339 morbos
454 1265 549 1352 vidi,
565 1263 773 1354 redeamus.

1390 1181 1394 1254 l

248 1381 251 1388 ’
338 1383 393 1456 25.
420 1384 566 1481 Unguis
584 1382 700 1470 oculi;
723 1384 775 1454 sic
799 1384 901 1454 enim
920 1383 1025 1481 quod
1046 1397 1179 1477 aeaespv'ym
1204 1409 1291 1458 cum

288 1503 424 1578 Graecis
440 1500 670 1587 diceremus,
689 1499 814 1570 latine
827 1500 956 1604 Celsus
982 1502 1038 1600 (a)
1052 1506 1220 1593 vocavit,
1241 1501 1291 1574 id-

287 1643 362 1717 que
374 1619 520 1704 novies,
539 1629 576 1688 et
589 1639 798 1712 nusquam,
814 1640 903 1688 nam
920 1635 1077 1718 propter
1094 1620 1292 1692 dubitatio-

286 1762 356 1809 nes
373 1734 622 1835 quorumdam
641 1735 681 1805 in
698 1759 814 1806 manu
833 1751 895 1806 aut
908 1761 979 1809 aere
994 1737 1189 1840 descriptis
1210 1741 1289 1835 ejus

287 1855 393 1928 libris
419 1855 592 1952 quaesivi,
622 1853 784 1924 lectione
809 1855 996 1945 variante3
1022 1857 1136 1954 igitur
1151 1858 1292 1955 unguis
1331 1893 1335 1904 ·

286 1974 387 2048 oculi
412 1971 710 2070 frequentiorem
735 1972 921 2068 originem
953 1997 1014 2045 me
1042 1975 1086 2044 in‘
1109 1973 1291 2047 Adversa·
1353 2043 1358 2048 .

282 2093 349 2164 riis
363 2090 418 2187 (3)
434 2091 638 2186 conjecisse
653 2113 732 2159 non
744 2090 913 2188 ignoras,
930 2116 976 2161 ex
990 2091 1210 2164 membrana
1226 2093 1290 2165 illa

286 2209 525 2296 semiluuari,
549 2231 662 2304 quam
690 2205 738 2276 ad
766 2207 867 2278 oculi
882 2209 1064 2305 angulum
1079 2210 1291 2300 internum,

96 2345 102 2354 ·
165 2359 167 2364 ’
285 2343 328 2400 ut
344 2325 522 2396 videntur
538 2321 692 2420 quidam
708 2321 895 2413 indicare,
912 2343 1164 2423 proposuerat
1174 2329 1292 2402 Vidus
1392 2409 1393 2414 ἵ

218 2513 222 2522 ,
285 2444 419 2517 Vidius
445 2441 491 2511 de
515 2443 621 2511 Anat.
646 2443 758 2537 Corp.
788 2440 893 2512 hum.
914 2441 1012 2514 libro
1029 2449 1118 2535 VII,
1138 2441 1218 2544 cap.
1240 2451 1290 2520 IV
1392 2541 1393 2544 Ἴ

284 2561 357 2648 ibi,
368 2560 522 2658 opinor,
537 2554 604 2628 ubi
618 2556 804 2654 descripta
819 2561 1044 2650 caruncula,
1058 2576 1095 2633 et
1107 2563 1288 2660 lacryma-

284 2676 386 2750 libus
403 2677 568 2773 punctis,
589 2673 806 2772 glandulam·
824 2700 979 2774 quoque
1003 2679 1143 2751 interni
1161 2681 1290 2778 anguli
1309 2767 1312 2774 ‚

283 2797 325 2867 in
343 2793 518 2880 homine,
536 2807 573 2864 et
589 2791 865 2890 cartilaginem,
879 2795 909 2866 si
920 2797 1064 2893 superis
1075 2797 1219 2894 placet,
1234 2814 1290 2870 at-

286 2938 360 3011 que
376 2909 476 2992 hane
493 2908 750 2982 involventem
759 2908 1044 3001 membranam,
1061 2937 1291 2988 commemo-

281 3046 351 3102 rat.
372 3034 450 3128 Ego
476 3048 567 3099 vero
593 3051 672 3097 non
694 3052 715 3098 a
739 3027 897 3100 belvinae
922 3028 1147 3128 cartilaginis
1172 3057 1289 3105 mem·

282 3147 424 3258 lprana,
443 3144 508 3217 sed
531 3143 579 3215 ab
597 3168 639 3216 ea
658 3168 773 3242 quam
789 3160 875 3217 ante
897 3141 1139 3220 carunculam
1156 3148 1290 3223 huma·

284 3289 373 3337 nam
404 3263 689 3360 descripseram,
719 3263 856 3361 unguis
883 3265 1067 3362 originem
1091 3289 1171 3339 esse
1197 3291 1293 3339 con-

281 3383 454 3480 jeceram.
470 3379 516 3450 Id
532 3379 708 3450 attentius
720 3378 984 3454 considerandi
995 3383 1102 3455 annis
1117 3385 1290 3481 superio·

283 3498 389 3572 ribus
414 3498 649 3570 occasionem
665 3493 783 3568 habui
808 3497 848 3568 in
863 3499 945 3571 viro
968 3501 1288 3600 quadragenario,
1391 3533 1392 3588 j

215 3825 219 3832 ·
323 3801 369 3880 (1)
386 3799 481 3876 Epist.
499 3796 555 3868 57,
571 3815 603 3852 n.
615 3817 658 3872 9„

323 3887 866 3982 (2)DcMed.l.7,c.7,u.let5.
942 3889 957 3928 '¹

325 4000 369 4082 (3)
389 4003 433 4061 vl
448 3997 587 4060 Animad·
604 4002 651 4066 ll.
