2750 4658
284 383 356 471 262,
393 392 399 400 '
451 399 498 452 na
524 399 668 452 seriens
693 401 737 450 ar
762 401 885 452 causis
911 402 1120 456 nonroauu
1166 405 1168 412 ’

278 524 306 592 ii
323 519 459 592 medici
469 543 564 616 quos
576 542 688 615 supra
704 515 760 614 (1)
776 542 862 588 cum
873 520 1093 594 Vieussenio
1110 521 1279 620 designa·

278 637 385 723 bam,
406 651 497 707 tunc
517 636 676 706 maxime
701 635 874 732 ignorare
892 657 931 708 se
949 639 1169 726 ostendunt,
1197 664 1280 710 cum

179 828 181 838 ‚
278 754 381 855 apud
396 752 581 852 populum
601 751 696 822 nihil
716 767 791 822 tam
810 769 1000 843 verentes,
1016 779 1130 853 quam
1149 783 1202 828 ne
1216 756 1278 827 du·

278 871 399 943 bitare
415 870 461 941 de
474 868 590 940 abditi
602 868 759 964 alicujus
775 868 899 941 morbi
917 886 1050 943 natura
1063 873 1275 958 videantur,

276 988 318 1059 id
337 995 431 1086 saepe
452 984 592 1057 faciunt
611 984 714 1082 quod
733 987 868 1059 merito
889 989 1133 1088 Hippocrates
1152 990 1211 1087 (2)
1227 991 1277 1058 vi-

278 1105 486 1204 tuperavit,
508 1117 548 1174 ut
572 1103 739 1174 morbum
758 1103 876 1174 alium
899 1112 1135 1194 existentem,
1164 1107 1278 1177 ‘alium

278 1249 374 1311 esse,
394 1221 658 1321 pronuncient.
676 1219 747 1292 Sed
761 1222 809 1293 ad
822 1223 1024 1319 promissas
1038 1224 1206 1320 reliquas
1218 1223 1277 1295 ob·
1311 1204 1320 1264 s

254 1353 257 1362 ’
281 1343 510 1413 servationes
525 1360 736 1436 pergamus.
1260 1319 1275 1360 ’

331 1457 388 1544 34.
416 1457 532 1554 Virgo
546 1456 793 1527 Bononiensis
806 1479 927 1528 annos
939 1471 1025 1528 nata
1040 1455 1277 1555 duodevigin-

279 1575 326 1663 ti,
342 1598 428 1645 cum
450 1573 611 1646 scabiem
629 1573 807 1671 ungendo
826 1573 1043 1671 repulisset,
1067 1575 1275 1672 gravissima

281 1692 512 1790 orthopnea,
542 1691 621 1763 sine
634 1689 762 1794 febre,
785 1693 864 1770 sine
882 1692 1038 1780 caeteris,
1060 1713 1144 1788 quae
1168 1691 1274 1762 modo

279 1810 602 1896 memorabamus,
620 1822 793 1906 correpta
806 1824 871 1880 est.
889 1809 1075 1906 Sanguine
1092 1807 1276 1880 ebracbio

280 1927 329 1998 ad
346 1951 410 2000 sex
427 1941 615 2026 septemve
639 1927 767 1996 uncias
791 1909 980 2014 detracto,
1004 1926 1113 2025 pejus
1129 1925 1274 1997 habuit:

280 2069 302 2116 e
317 2044 412 2142 pede
428 2059 550 2115 autem
567 2058 654 2143 post
669 2042 748 2115 dies
762 2043 907 2141 aliquot
923 2043 969 2114 ad
982 2045 1112 2136 uncias
1127 2043 1274 2115 totidem

280 2163 476 2248 misso,ita
487 2162 702 2248 corruit,ut
713 2159 995 2232 vehementiore
1005 2158 1100 2232 facta
1115 2161 1274 2258 spirandi

193 2369 195 2374 ι
281 2277 1273 2378 difficultate,postridieinteriret,anno,sirecteme·
1353 2301 1354 2336 l

281 2399 396 2484 mini,
412 2395 690 2494 1703.Ca'daver
699 2421 885 2494 nusquam
896 2396 1182 2486 tumidum',sed
1187 2397 1274 2493 justa

280 2513 424 2610 ubique
441 2511 681 2612 pinguedinis
698 2516 806 2612 copia
821 2530 935 2602 teres,
956 2530 993 2586 et
1010 2514 1088 2586 sine
1106 2515 1188 2585 ullo
1205 2537 1274 2585 soa·

280 2630 358 2702 biei
371 2633 526 2728 vestigio
542 2646 785 2730 conspectum
799 2648 863 2718 eat.
880 2637 1020 2706 Venter
1029 2633 1138 2727 jecur
1153 2629 1274 2702 habuit

281 2747 447 2836 lividius,
471 2763 508 2820 et
534 2748 664 2822 durius
681 2774 795 2849 quam
813 2751 949 2839 soleat,
975 2773 1062 2822 sana
1080 2764 1225 2836 caetera,
1243 2759 1273 2816 et

280 2866 322 2935 in
342 2864 401 2937 his
417 2865 570 2954 lienem,
585 2868 653 2939 etsi
669 2867 841 2966 superius
853 2866 966 2965 hujus
979 2877 1188 2938 extremum
1203 2876 1272 2936 erat

282 2983 634 3082 propemodumab
655 2985 804 3082 reliquo.
820 2985 927 3056 lienis
945 3009 1106 3082 corpore
1125 2983 1272 3054 omnino
1353 2993 1354 3076 t

281 3101 532 3198 disjunctum,
561 3118 603 3174 ut
625 3103 697 3174 'nisi
713 3127 786 3200 per
809 3103 933 3175 lateris
952 3103 1101 3174 alterius
1117 3102 1272 3200 particu-

279 3217 1270 3308 lamcontinuaretur,duoluturifuissent·lienes,non
1353 3225 1354 3312 l

281 3359 390 3406 unus.
412 3338 503 3425 Quae
526 3339 564 3407 in
588 3337 836 3410 muliebribus
853 3336 1051 3437 diligenter
1067 3335 1270 3422 observavi,

280 3453 407 3522 minus
428 3468 515 3523 sunt
533 3453 645 3548 hujus
657 3454 741 3525 loci.
753 3458 879 3525 Unum
890 3470 1034 3543 tamen,
1048 3469 1112 3525 aut
1122 3454 1269 3524 alterum
1353 3463 1354 3522 l

280 3584 437 3666 propter
455 3570 517 3640 illa
535 3585 615 3641 tum
633 3596 715 3668 quae
731 3598 820 3643 mox
840 3572 1013 3645 dicentur
1028 3572 1075 3644 de
1092 3569 1270 3652 mammis,

322 3854 366 3931 (ι)
387 3855 425 3910 Ν.
446 3851 494 3910 25.

321 3952 364 4031 (a)
385 3955 430 4012 De
444 3951 577 4027 Morbis,
595 3954 615 4010 l.
632 3972 644 4012 r
654 3995 663 4026 ,
680 3974 711 4012 n.
726 3953 752 4012 5.
