2648 4508
248 404 317 453 uin.
346 400 386 450 rr.
417 398 464 446 ur
491 392 628 443 uoanrs
654 391 851 455 rnonaors,
878 393 990 442 rr1sr.
1017 397 1076 443 xx.
1104 373 1176 473 619

157 519 203 592 lis
229 537 442 618 congruere
474 508 644 586 invenies
675 507 854 581 Valealvae
868 509 1172 588 observationes.

156 641 330 730 Quarum
347 659 433 709 cum
453 648 637 733 quatuor,
654 630 758 704 haud
777 632 957 731 amplius,
974 650 1176 736 utramque

159 758 403 854 conjunctam
421 751 762 826 inflammationem
785 769 1005 851 proponant
1022 754 1094 850 (ι),
1125 783 1175 829 eae

119 920 121 925 -
157 877 246 975 ipsae
260 897 395 946 omnes
410 855 636 970 proponunt
651 894 672 940 a
687 870 856 941 sinistris.
875 873 1097 946 Nostrarum
1114 900 1177 947 au-

110 1082 112 1087 l
154 1009 232 1066 tem
248 994 278 1065 si
294 1017 372 1064 una
385 990 440 1088 (α)
461 988 655 1087 congruit,
673 987 788 1061 altera
807 989 862 1087 (3)
877 1013 958 1061 non
973 992 1060 1064 satis
1081 1018 1174 1064 con·

157 1112 267 1210 gruit.
290 1109 413 1183 Multo
429 1108 545 1206 igitiu
562 1121 601 1179 et
615 1107 762 1205 plures,
777 1122 814 1179 et
830 1108 1035 1206 ampliores
1048 1109 1176 1184 viden·

158 1232 221 1301 tur
235 1230 380 1326 requiri
396 1225 706 1300 observationum
718 1228 853 1315 series,
867 1242 910 1299 ut
918 1227 966 1300 de
981 1253 1022 1301 re
1035 1228 1177 1300 hacali·
1266 1306 1270 1316 ,

157 1345 253 1444 quid
270 1371 344 1444 pro
363 1359 469 1417 certo
489 1355 693 1429 statuatur,
715 1343 1018 1444 suscipiaturque
1032 1371 1175 1420 exana-

159 1480 264 1536 totne
291 1459 575 1561 explicandum,
599 1486 672 1532 cur
693 1460 865 1558 pleuritis
889 1487 910 1532 a
936 1463 1077 1538 dextris
1098 1464 1174 1540 fre-

158 1581 354 1675 quentior,
370 1579 435 1652 sed
456 1579 584 1650 mitior
603 1580 661 1652 sit.
682 1578 798 1674 Cujus
815 1579 1061 1679 problematis
1081 1609 1171 1655 eno-

157 1694 262 1767 clttio
279 1722 396 1795 quarn
413 1711 632 1796 praestantes
647 1697 722 1768 viri·
739 1721 819 1768 non
837 1700 963 1771 minus
983 1700 1172 1789 modeste,

159 1839 275 1911 quam
293 1815 508 1912 ingeniose,
530 1813 737 1902 dederunt,
758 1838 806 1884 an
826 1817 944 1917 magis
960 1841 1029 1914 per
1045 1833 1171 1890 anato-

156 1954 249 2001 men
266 1931 447 2004 illustrari
466 1947 503 2006 et
520 1929 652 2032 perfici
667 1933 803 2030 possit,
827 1958 915 2005 cum
937 1935 1064 2006 minus
1078 1960 1171 2035 prae-

154 2071 226 2121 cox
239 2047 447 2140 videbitur3
467 2065 558 2123 tunc
576 2053 657 2154 ipse
675 2050 917 2127 existimabis.
937 2055 1089 2127 Interea
1104 2077 1169 2125 au.-

154 2174 231 2236 tem
247 2166 398 2242 valebis.

151 2360 1168 2391 m

192 2488 238 2569 (1)
259 2494 298 2549 u.
323 2491 377 2567 ει,
392 2493 447 2568 n,
461 2495 517 2569 55,
535 2450 582 2556 ie.

192 2588 237 2666 (a)
258 2593 352 2668 Epist.
367 2613 420 2668 ar,
437 2616 469 2654 n.
483 2597 532 2656 33.

192 2686 237 2762 (3)
257 2691 334 2772 uu.
349 2712 381 2751 n.
398 2696 447 2763 u.

401 3179 524 3230 ntus
557 3185 671 3232 ΤΟΜΙ
706 3184 912 3234 suctum.
