2812 4660
203 439 272 486 mn.
300 437 341 484 11.
356 435 416 482 nn
442 432 579 481 nonius
603 431 795 496 raonacrs,
820 423 931 480 rarsr.
957 433 1044 482 xvn.
1073 401 1141 501 34}

138 549 257 623 retur.
285 546 422 620 Eadem
439 561 565 618 tamen
590 569 711 642 usque
730 543 778 615 ad
795 544 1016 641 vigesimum
1040 563 1143 640 tanta

137 663 376 740 vehementia
392 655 652 764 perstiterunt,
679 676 720 733 ut
741 661 955 760 aphonum,
983 679 1019 734 et
1045 689 1143 762 pene

138 783 380 881 desperatum
393 782 661 878 relinquerent.
671 779 823 850 Atcirca
835 780 1053 878 vigesimum
1069 807 1145 880 seo

136 903 276 974 timum
300 899 346 971 de
364 899 466 998 gravi
484 898 648 994 pectoris
664 896 874 994 repletione
895 921 971 994 quo
995 914 1143 996 poterat

137 1017 256 1090 modo
282 1013 608 1112 conquerebatur:
636 1013 734 1082 circa
759 1013 991 1110 trigesimum
1018 1031 1144 1086 autem

137 1132 419 1209 remittentibus
437 1131 494 1203 his
516 1113 767 1229 paroxysmis,
786 1121 975 1227 pulsuque
995 1132 1072 1227 jam
1096 1130 1144 1202 ad

136 1251 351 1324 naturalem
375 1249 595 1336 accedente,
627 1271 799 1345 magnam
825 1239 1017 1343 cujusdam
1037 1247 1144 1346 quasi

133 1367 316 1468 geldtz'nce
332 1369 476 1466 copiam
497 1365 730 1470 exscreabat,
751 1367 812 1437 cui
829 1365 949 1435 multa
964 1380 1043 1436 erat
1060 1365 1145 1437 sub-

134 1484 256 1557 rubr'a
285 1483 421 1584 pallida
444 1483 648 1556 substantia
673 1481 839 1553 admista.
865 1485 972 1580 AEger
999 1485 1143 1555 interea

136 1601 373 1697 comederet
394 1601 507 1689 nihil,
527 1603 681 1686 vinum,
706 1601 802 1670 clam
823 1623 954 1670 omnes
972 1599 1153 1698 allatum,

136 1721 242 1818 large
256 1717 529 1815 ingurgitabat3
554 1717 655 1788 unde
675 1715 774 1785 oculi
793 1717 958 1812 primum
978 1715 1143 1807 dexteri,

136 1861 229 1906 mox
248 1848 286 1905 et
306 1835 445 1906 sinistri
464 1847 549 1904 nata
565 1847 620 1904 est
640 1829 906 1920 inflammatio,
924 1857 969 1903 ex
986 1831 1056 1908 bac
1075 1858 1143 1904 au-

137 1968 215 2024 tem
232 1952 384 2022 caecitas.
404 1947 568 2022 Tandem
583 1947 629 2020 ab
644 1948 794 2022 assiduo
811 1947 1010 2039 decubitu,
1028 1965 1064 2021 et
1082 1975 1144 2022 ex·
1182 2005 1185 2015 .

138 2082 422 2140 crementorum
447 2069 605 2163 injuria,
635 2091 831 2166 gangraena
856 2067 903 2138 ad
929 2092 970 2138 os
999 2093 1145 2141 sacrum

139 2199 358 2283 correptuS,
376 2186 473 2255 circa
493 2184 593 2254 diem
614 2184 941 2282 quadragesimum
957 2186 1060 2258 obiit.
1134 2177 1137 2186 ’

188 2303 359 2390 Thorax,
377 2287 576 2398 adjuvante
588 2303 792 2402 Hippolyto
804 2303 1001 2374 Francisco
1016 2302 1145 2375 Alber·
1193 2287 1200 2296 .

140 2420 242 2510 tino,
271 2419 337 2516 qui
366 2419 404 2489 in
440 2445 485 2492 eo
506 2421 727 2492 nosocomio
754 2433 846 2489 tnnc
878 2419 1013 2490 med-ici
1044 2421 1147 2492 assis-

136 2535 253 2610 tentis
273 2559 431 2608 munere
451 2536 731 2635 diligentissime
752 2533 996 2636 fungebatur,
1013 2535 1146 2608 dissec-

136 2669 201 2726 tus
219 2668 283 2724 est.
305 2654 505 2744 Pulmones
525 2654 661 2751 pleurae
676 2668 775 2725 arcte
788 2653 1027 2726 adhaerebant
1040 2681 1048 2725 t
1063 2681 1143 2754 quae

138 2784 269 2841 tamen
285 2771 398 2840 resin
416 2770 541 2840 multis
557 2769 798 2842 cadaveribus
819 2771 914 2842 solet
932 2783 1142 2844 occurrere.

138 2887 256 2958 Incisi
284 2887 475 2956 materiam
497 2887 579 2981 ejus¹
605 2912 686 2984 quae
712 2888 974 2976 excreabatur,
1002 2891 1146 2961 similli-

70 3085 75 3100 ,
139 3024 251 3076 mam·
265 3003 532 3100 ostenderunt,
552 3005 622 3075 nisi
647 3003 751 3101 quod
771 3020 849 3076 erat
868 3007 1040 3076 tenuior:
1062 3007 1145 3103 pul·

139 3143 302 3191 monum
321 3135 444 3192 autem
462 3121 631 3216 ipsorum
653 3119 857 3192 substantia
878 3135 959 3190 atro
983 3136 1064 3209 erat
1081 3147 1145 3193 co-

138 3237 222 3314 lore
242 3235 388 3308 infecta.
410 3239 454 3305 In
473 3235 684 3332 pericardio
700 3259 823 3308 serum
840 3263 885 3308 ex
901 3251 981 3307 atro
1008 3237 1146 3312 subfla-

139 3377 250 3439 vum,
269 3351 490 3456 insipidum,
505 3350 553 3420 ad
570 3351 829 3447 sesquilibram
845 3350 983 3425 ferme:
1002 3379 1068 3426 cor
1080 3383 1146 3430 au·

140 3482 220 3540 tem
238 3493 280 3540 ea
298 3467 573 3565 magnitudine,
594 3467 835 3542 utbubulum
851 3487 1024 3568 aequaret.
1044 3477 1154 3545 Ven·'

142 3585 301 3657 triculus
329 3586 409 3680 ejus
434 3585 563 3657 dexter
584 3609 732 3657 caveam
755 3587 914 3684 quidem.
936 3590 1145 3662 secundum
1194 3585 1195 3590 ¹

143 3715 332 3787 naturam,
352 3698 417 3772 sed
441 3701 688 3773 crassissimos
709 3689 1068 3799 parietes⁸habebat
1090 3707 1145 3775 Si-

145 3817 255 3888 nistri
269 3843 358 3889 vero
370 3833 471 3890 tanta
482 3834 560 3890 erat
571 3844 698 3906 cavea,
709 3836 750 3891 ut
759 3809 884 3919 posset
895 3845 959 3893 cor
971 3821 1147 3912 alterum,

104 3953 107 3962 ·
145 3936 308 4007 naturali
326 3962 406 4009 non
430 3937 566 4031 majus,
586 3937 801 4028 continere3
820 3937 885 4012 sed
906 3938 1066 4012 vicissim
1083 3965 1151 4038 pa-
