2832 4662
297 640 496 713 notantur,
513 639 559 696 ut
572 622 684 696 dolor
696 623 904 722 adparens,
924 637 1038 722 atque
1054 625 1178 711 ilium,
1196 640 1229 698 et
1240 627 1286 724 ja-

207 835 209 838 ,
298 741 408 814 cendi
421 755 577 839 negata,
596 757 712 838 atque
726 741 922 839 displicens
938 749 1057 814 omnis
1069 749 1216 842 posin'o.

348 866 405 958 47.
424 860 576 932 Juvenis
594 881 782 930 annorum
801 860 951 932 circiter
966 861 1099 958 viginti
1120 886 1191 949 sex,
1206 885 1288 959 pun«

299 992 409 1077 gente
429 977 635 1076 corripitur
647 974 778 1048 dolore
792 977 830 1046 in
847 977 1000 1049 dextera
1013 977 1179 1050 thoracis
1192 993 1288 1078 parte,

298 1121 385 1168 oum
412 1094 516 1167 febre
543 1109 580 1166 et
605 1097 709 1168 tussi.
735 1099 870 1166 Parum
891 1098 1047 1193 exspuit.
1068 1098 1177 1168 Circa
1204 1113 1289 1168 octa·

296 1239 387 1285 vum
398 1212 497 1284 diem
509 1212 653 1283 accedit
664 1212 853 1297 delirium,
869 1227 985 1283 noctu
1001 1208 1215 1310 praesertim.
1229 1217 1291 1284 Do·

298 1331 357 1401 lor
371 1329 466 1417 abin
484 1329 548 1402 sed
566 1330 824 1426 respirationis
837 1327 1042 1402 ‘difficultas
1060 1355 1207 1430 semper
1223 1355 1290 1428 gra·

297 1449 380 1517 rior
394 1444 446 1516 fit.
465 1447 598 1519 Facilis
613 1461 668 1519 est
687 1445 888 1520 decubitus
905 1448 944 1518 in
960 1449 1186 1521 utrumlibet
1199 1449 1288 1520 latus

297 1567 366 1636 Di'e
383 1565 536 1636 tandem
557 1565 705 1637 decimo
721 1565 813 1637 obit.
830 1561 1044 1667 'Pulmonesp
1062 1568 1177 1640 ambo
1196 1565 1290 1636 indu-

297 1700 453 1757 ruerant
469 1685 558 1773 toti‚
585 1667 699 1756 a'mbo
725 1684 882 1756 dorsum
907 1709 1039 1757 versus
1071 1686 1120 1756 ad
1141 1686 1290 1784 pleuram

297 1817 405 1873 crant
431 1802 588 1901 alligati3
616 1804 764 1876 sinister
788 1807 901 1874 etiam
924 1827 945 1873 a
977 1803 1106 1874 latere.
1133 1808 1290 1874 Praetcrea

297 1943 384 1990 cum
403 1918 610 1992 substantia
629 1919 800 2018 quaedam
817 1919 920 2009 alba,
941 1920 1049 2018 quasi
1072 1919 1292 1993 membrana·

297 2063 383 2124 cea,
407 2039 589 2110 universae
617 2037 780 2136 pleures,
807 2053 844 2110 et
870 2038 1121 2137 pulmonibus
1138 2037 1290 2136 imposita

295 2169 411 2243 esset,
433 2157 540 2252 quasi
558 2156 765 2228 reticuiaris
783 2157 902 2228 instar
922 2156 1122 2253 cujusdam
1141 2153 1290 2254 corporis

296 2271 368 2344 laxi
395 2288 432 2344 et
450 2273 597 2362 moilis3
617 2299 686 2372 per
698 2273 797 2347 hanc
809 2289 936 2346 tamen
952 2275 1152 2347 nonnullis
1165 2276 1203 2344 in
1216 2272 1290 2343 locis

295 2390 429 2487 pleura
453 2405 490 2462 et
507 2392 710 2489 pulmones
733 2393 833 2463 inter
850 2417 892 2464 se
914 2407 1024 2464 erant
1053 2389 1212 2464 firmiter
1227 2388 1291 2462 col·

296 2507 417 2604 ligata.
439 2513 483 2578 In
511 2525 673 2606 utroque
702 2509 867 2581 thoracis
894 2535 1009 2599 cavo,
1042 2511 1110 2584 sed
1130 2511 1239 2608 magis
1259 2507 1288 2574 in

296 2623 472 2712 dextero,
492 2626 634 2698 multus
656 2643 735 2699 erat
755 2626 897 2698 humor
926 2629 1055 2701 colore
1089 2629 1217 2700 similis
1230 2623 1287 2696 seri

295 2742 467 2810 vaccini:
489 2743 555 2840 qui
573 2723 737 2833 tametsi,
765 2747 948 2844 sepositus
970 2745 1117 2816 nullam
1132 2801 1142 2835 ‚
1158 2759 1198 2818 ut
1218 2743 1288 2813 alias

295 2881 450 2957 quoqne
464 2860 766 2936 animadversum
785 2861 924 2953 fuerat,
952 2867 1226 2961 separationem
1243 2881 1289 2929 os·

295 2975 438 3048 tendit:
454 2977 533 3078 igni
562 2993 688 3050 tamen
714 2981 936 3078 impositus,
968 2983 1168 3082 sanguinei
1191 2983 1288 3054 insui

296 3096 369 3166 seri
384 3098 585 3189 concrevit.
606 3099 861 3170 Pericardium
882 3123 966 3172 sero
991 3100 1176 3201 turgebat.
1204 3101 1288 3170 Con·

296 3215 483 3288 cretiones
497 3217 710 3314 polyposae,
727 3218 767 3286 in
778 3217 938 3290 dextero
950 3219 1076 3291 cordis
1093 3213 1287 3292 ventriculo

295 3331 437 3428 major,
455 3335 495 3404 in
510 3333 663 3406 sinistro
677 3336 813 3420 minor.

345 3450 402 3534 ts.
423 3455 517 3524 Cum
531 3453 743 3551 inspectum
752 3451 957 3526 nonfuerit
976 3453 1194 3542 cerebrum,
1207 3451 1285 3522 scire

295 3565 397 3638 haud
409 3566 506 3657 licet,
517 3595 564 3640 an
577 3571 631 3642 ibi
642 3596 798 3668 quoque
809 3570 1176 3670 secundum,esquae
1189 3563 1284 3667 paulO

295 3688 466 3783 superius
483 3686 538 3786 (ι)
560 3689 658 3762 dicta
677 3705 785 3781 sunt,
805 3691 950 3790 aliquid
966 3689 1079 3762 fuerit
1095 3689 1283 3761 inflamma·

299 3898 1284 3930 w

338 4057 381 4134 (1)
401 4063 439 4118 N·
457 4068 505 4131 n·

298 489 369 560 602
466 511 513 557 nn
539 505 685 558 sumnus
710 511 754 556 nr
779 507 903 560 causis
928 509 1140 561 nonnonun

1379 4465 1380 4508 i
