2812 4660
152 470 223 517 tra.
250 472 289 519 11.
317 469 881 536 nnuonarsrrroarcrs,nr1sr.
909 473 998 518 xvn.
1027 449 1092 521 361

96 596 161 653 tua
187 581 282 671 fere,
310 598 352 654 ut
377 583 531 656 demum
562 584 676 672 solet,
700 585 806 681 quies
830 585 1101 682 conjungitur?

98 699 213 790 Quod
231 701 260 771 si
281 701 341 772 vel
357 703 408 772 sic
424 702 519 773 nulli
536 699 689 774 fortasse
707 726 986 798 nonnunquam
1017 717 1103 774 ante

100 832 266 888 mortem
292 817 420 916 polypi
449 820 711 916 gignerentur;
730 818 958 915 peculiarem
987 820 1102 890 latere

99 936 140 1004 in
158 958 205 1004 eo
225 933 378 1006 homine
398 959 544 1007 causam
563 951 754 1034 putarem,
769 934 820 1006 ob
835 960 947 1032 quam
959 961 1007 1006 ne
1017 950 1104 1033 post

100 1065 264 1123 mortem
285 1051 439 1149 quidem
464 1053 565 1149 gigni
583 1069 753 1151 possent,
776 1067 840 1124 aut
858 1054 1103 1150 vix-possent.

101 1173 246 1241 Verum
257 1169 335 1240 haec
346 1168 506 1240 aliorum
516 1225 525 1258 ,
535 1171 793 1269 imprimisque
807 1171 897 1268 ejus,
908 1196 1019 1268 quem
1032 1195 1109 1240 me·

105 1287 183 1356 rito
203 1311 289 1357 amo
306 1311 347 1358 ac
365 1286 499 1376 laud0‚
524 1289 718 1360 clarissimi
737 1289 807 1359 viri
825 1288 985 1385 judicio,
1006 1277 1106 1360 albi-

99 1404 255 1500 trioque
267 1405 490 1501 permittam.

155 1520 214 1592 30·
226 1524 434 1619 Antequam
447 1520 637 1593 scribendi
655 1521 768 1593 finem
781 1519 916 1592 ¹faciam
928 1523 973 1594 de
991 1548 1107 1610 aneu-

103 1638 351 1735 rysmatibus,
375 1664 396 1710 a
413 1639 581 1710 Valsalva
605 1640 725 1710 multo
743 1640 875 1736 saepius
896 1664 1006 1736 quam
1027 1665 1108 1710 cre-

107 1753 280 1843 didisset,
307 1781 376 1853 per
402 1771 602 1826 anatomen
630 1757 669 1826 in
693 1758 828 1826 arteria
850 1771 955 1826 aorta
977 1755 1111 1853 depre-

106 1870 253 1957 hensis,
276 1873 591 1944 committendum
609 1871 703 1941 mihi
721 1897 799 1941 non
818 1897 896 1944 esse
918 1871 1111 1970 intellige,

106 2003 151 2058 ut
181 1989 328 2060 silentio
357 1991 395 2060 id
418 2015 572 2088 prorsus
598 1989 849 2077 dissimulem,
877 1986 981 2086 quod
1010 2001 1113 2057 tanta

109 2106 268 2177 exitialis
278 2107 403 2178 morbi
415 2105 624 2204 frequentia
639 2119 846 2204 permotus,
862 2107 1023 2204 cogitare
1039 2128 1111 2177 coe-

108 2224 179 2321 pit,
189 2223 369 2293 nimirum
385 2238 425 2293 ut
440 2224 511 2320 ipsi
523 2224 621 2294 inter
629 2223 733 2293 initia
747 2219 983 2292 occurrendo
997 2221 1116 2290 incre-

108 2354 303 2427 mentum,
330 2364 647 2438 progressumque
683 2340 935 2437 interciperet.
961 2341 1115 2408 .Occur-

70 2543 72 2546 Ι
107 2455 221 2528 rendi
239 2456 335 2526 ratio
356 2456 418 2526 illa
434 2471 488 2528 est
510 2456 557 2528 ab
578 2457 658 2552 ejus
675 2456 886 2527 studiorum
902 2456 1004 2527 socio
1024 2455 1116 2551 Hip-

109 2572 451 2673 polytoFrancisco
469 2575 665 2646 Albertino
684 2573 737 2672 (1)
755 2572 905 2672 vulgata
925 2601 932 2642 :
953 2597 1065 2671 quam
1086 2573 1116 2642 si

111 2690 338 2788 perlegeris,
356 2693 536 2762 continuo
557 2715 706 2764 meeum
724 2689 970 2779 existimabis,
998 2690 1117 2762 nemi·

114 2833 206 2878 nem
227 2808 340 2878 alium
354 2806 460 2880 facile
473 2811 634 2880 extitisse
650 2810 717 2906 qui
733 2823 808 2879 tam
822 2833 950 2879 severa
961 2807 1118 2905 diligen·

114 2925 168 2996 tia
188 2941 365 2998 executus
384 2927 430 2998 sit
442 2926 547 3024 quod
565 2928 813 3023 Hippocrates
828 2924 883 3021 (a)
901 2923 990 2995 olim
1006 2925 1045 2992 in
1057 2948 1120 2993 ve-

115 3065 254 3112 narum
265 3044 498 3114 internarum
509 3042 712 3129 varicibus,
726 3041 771 3112 de
786 3040 925 3138 quibus
942 3064 1054 3137 supra
1065 3037 1120 3135 (3)

116 3159 261 3230 dictum
282 3175 355 3249 est,
370 3162 409 3232 in
424 3160 526 3230 hunc
539 3158 697 3230 modum
713 3155 960 3256 praeeperat:
981 3155 1122 3225 condu-

119 3282 173 3348 cit
180 3291 304 3348 autem
319 3277 471 3365 talibus,
489 3283 522 3347 si
536 3277 586 3346 ab
606 3281 712 3348 initio
728 3273 917 3346 curandos
931 3278 1123 3372 suscipies,

121 3409 165 3466 ut
189 3409 235 3468 et¹
250 3421 360 3468 venae
387 3395 434 3465 de
456 3369 627 3464 manibus
645 3399 861 3490 sanguinem
879 3396 1064 3481 emittant,
1088 3409 1126 3462 et

120 3511 239 3584 dicata
261 3537 281 3582 e
307 3539 384 3610 qua
412 3536 524 3609 quam
549 3517 763 3582 siccissimas
781 3525 817 3580 et
833 3515 1124 3608 exanguissimus

160 3807 206 3888 (ι)
226 3811 337 3884 Opusc.
355 3807 404 3865 cit.
422 3829 527 3884 supra,
541 3806 620 3865 adn.
636 3809 663 3868 5.
753 3853 754 3857 ,

163 3909 207 3987 (a)
229 3909 273 3966 De
287 3910 420 3983 Morbis,
438 3912 458 3968 l.
475 3929 507 3982 1,
523 3928 554 3966 n.
572 3928 616 3968 10.

163 4010 209 4088 (3)
229 4011 267 4068 N.
288 4030 315 4068 1.
