2766 4670
302 431 369 502 192
463 427 509 474 DE
536 423 681 473 sentens
706 425 750 472 ET
776 423 900 474 causts
928 424 1139 478 MORBORUH

298 543 357 614 los
373 564 492 612 annos
507 540 668 638 graviter
682 538 786 636 lapso
793 538 902 630 ,inde
920 540 1084 638 primum
1100 541 1181 638 ejus
1190 543 1300 640 partis

301 659 430 748 dolor,
448 679 597 754 semper
612 670 734 728 antem
752 669 882 754 postea
897 654 1061 730 difficilis
1085 657 1207 732 fuerat
1231 684 1300 731 res·

301 777 447 875 piratio
466 779 510 845 Et
520 771 662 844 facilins
679 772 1092 848 secundumhistoriam
1106 790 1301 874 utramque

231 929 234 936 ¹
303 916 446 966 annues
456 889 1181 989 Gabriello(1),quiorthopneam‚cum
1192 917 1299 966 sensu

302 1011 350 1082 ad
375 1007 500 1081 fauces
523 1006 786 1104 strangulantis
802 1009 984 1098 materiae,
1008 1024 1044 1082 et
1067 1010 1172 1082 vocis
1189 1010 1318 1082 inter·-

302 1128 476 1225 ceptione
491 1125 752 1219 conjunctam,
768 1122 907 1198 abactis
921 1139 1045 1197 autem
1058 1127 1212 1224 triginta
1223 1151 1300 1198 ver·

302 1243 426 1316 mihus
445 1241 619 1326 solutam,
635 1240 685 1320 ab¹
697 1237 899 1312 hisfactam
917 1242 1080 1330 censuit,
1093 1242 1224 1340 gulam
1238 1243 1303 1314 dis

302 1356 562 1446 tendentibus,
578 1359 827 1454 arteriamque
840 1358 941 1430 illam
958 1359 1203 1456 urgentibus,
1213 1384 1302 1459 prae-

303 1477 429 1550 sertim
447 1499 533 1546 cum
553 1475 592 1543 in
608 1474 682 1545 alio
707 1501 752 1547 ex
770 1473 983 1573 orthopnea
999 1477 1141 1573 pariter
1164 1478 1299 1576 impro-

301 1595 379 1666 visa
395 1606 567 1680 mortun,
592 1616 738 1663 vermes
753 1592 1052 1689 quamplurimos
1067 1592 1222 1666 vidisset
1243 1618 1301 1692 gu·

302 1711 375 1782 lam
389 1723 636 1807 occupantes,
656 1710 748 1805 quin
761 1710 933 1799 arteriam
956 1733 1109 1809 quoque
1127 1708 1298 1798 adsitam,

300 1829 340 1898 in
358 1852 471 1926 quam
492 1825 561 1899 sibi
572 1827 676 1896 riam
694 1825 888 1898 erodendo
905 1843 1136 1925 paraverant.
1151 1829 1226 1901 Sed
1238 1829 1300 1901 etsi

300 1948 443 2044 pressio
454 1969 536 2043 quae
550 1969 570 2014 a
585 1958 690 2040 tergo
699 1941 758 2029 fit,
771 1958 888 2016 arctat
900 1946 1032 2042 magis,
1047 1959 1084 2018 et
1091 1942 1238 2019 facilius
1247 1971 1299 2018 ar·

299 2065 430 2136 teriam
441 2118 451 2149 ,
462 2064 603 2160 quippe
614 2061 661 2132 ab
677 2087 719 2133 ea
733 2058 825 2134 facie
837 2062 1117 2160 cartilaginibus
1129 2089 1213 2135 non
1225 2089 1299 2136 mu-

299 2184 436 2268 nitam3
453 2196 579 2279 potest
596 2195 739 2268 tamen,
759 2183 865 2279 siqua
879 2183 1021 2278 pressio
1037 2207 1058 2252 a
1073 2179 1200 2260 fronte
1214 2183 1297 2256 vali-

301 2297 385 2372 dior
401 2300 604 2386 increscat,
625 2298 719 2370 adeo
744 2300 1022 2398 constringere,
1045 2314 1088 2374 ut
1111 2297 1296 2374 difficilem

295 2417 596 2513 respirationem,
612 2430 649 2486 et
662 2413 827 2513 denique
841 2432 1003 2489 mortem
1017 2415 1296 2517 afferatquem·

300 2532 505 2606 admodum
523 2556 691 2604 sarcoma
708 2557 730 2603 a
745 2533 1069 2632 Vorwaltnero(a)
1086 2552 1124 2608 et
1137 2535 1299 2632 glandia<

302 2648 340 2719 la
355 2649 472 2742 thymi
484 2655 629 2744 ingens,
649 2649 772 2748 tophis
789 2657 961 2745 cretaceis
971 2655 1127 2744 refhrta,
1144 2677 1167 2724 a
1182 2653 1299 2726 Chris·

298 2767 401 2839 tiano
417 2769 554 2838 Vatero
571 2766 626 2863 (3)
641 2767 815 2858 inventa,
832 2783 874 2839 ut
888 2769 1011 2842 cordis
1027 2771 1188 2869 polypos
1205 2791 1295 2872 opus

298 2908 379 2955 non
402 2881 515 2956 fuerit
532 2883 713 2957 advocare
734 2885 781 2955 ad
802 2887 911 2983 pueri
930 2902 1089 2959 mortem
1115 2887 1294 2986 explican-

299 2999 405 3090 dam,
440 3001 601 3100 quando
626 3027 816 3074 summum
853 3020 1018 3076 sternum
1047 3030 1126 3076 non
1156 3005 1294 3078 sinebat

296 3118 417 3215 thymi
432 3134 595 3215 partem,
614 3135 656 3191 ut
670 3145 795 3217 neque
808 3144 975 3192 sarcoma
985 3121 1098 3210 illud,
1113 3119 1219 3219 quod
1231 3119 1292 3195 sub

297 3249 420 3306 sterno
429 3235 484 3305 ad
481 3236 659 3333 jugulum
668 3252 756 3326 erat,
764 3227 976 3311 antrorsum
986 3241 1292 3336 crescere,sicque

297 3348 351 3422 ibi
369 3353 566 3451 utriusque
587 3355 862 3426 incrementum
886 3355 1044 3454 urgebat
1058 3357 1232 3428 arteriam
1251 3349 1293 3426 ad

297 3468 664 3569 vertebras,aerique
674 3471 826 3545 tandem
835 3472 979 3546 aditum
987 3473 1268 3546 intercludebat.

336 3767 379 3846 (r)
399 3766 475 3844 Eph.
485 3772 523 3828 N.
533 3772 566 3827 C.
580 3773 650 3828 Dec.
666 3773 697 3844 3,
709 3775 746 3829 A.
760 3793 795 3845 7,
809 3773 873 3831 obs.
891 3773 956 3832 188.

335 3867 379 3944 (a)
400 3868 477 3925 Ibid.
494 3870 559 3925 obs.
580 3876 654 3937 144.

333 3965 378 4043 (3)
397 3967 468 4026 Der.
483 3969 548 4026 ead.
562 3969 598 4046 3,
609 3972 646 4028 A.
661 3989 696 4047 9,
707 3971 771 4032 obs·
790 3970 842 4032 161
860 3970 892 4030 in
903 3969 956 4030 fin.
