2750 4658
272 413 342 514 298
430 437 476 484 nr
503 434 649 484 surmus
665 435 716 482 ur
741 432 865 482 oaus1s
889 432 1105 480 monaulum·

272 550 392 650 quiin
409 546 633 647 respirando
649 548 824 645 corporis
842 549 933 620 situs
947 545 1159 622 Vieussenii
1170 571 1273 646 aegro,

273 691 521 766 quaecumque
534 665 686 738 taudem
700 689 812 736 causa
830 679 945 753 esset,
965 664 1059 736 adeo
1077 663 1199 738 fuerat
1213 692 1272 738 ue·

274 785 465 858 cessarius.
485 789 529 855 Et
548 783 593 854 de
608 784 723 855 animi
734 781 909 880 deliquiis
920 783 1054 880 igitur,
1072 800 1109 855 et
1120 783 1167 856 de
1177 786 1272 873 tussi,

274 918 311 975 et
337 902 383 973 de
417 903 675 998 respirationis
704 900 925 972 difficultate
953 879 1039 974 satis
1067 903 1190 974 visum
1214 917 1273 974 est.

273 1022 384 1116 Nunc
401 1019 448 1090 ad
465 1019 609 1115 reliqua
630 1044 840 1116 pergamus.
866 1025 910 1090 Et
933 1020 1012 1092 sitis
1030 1019 1186 1116 quidem
1205 1035 1273 1091 tam
1368 1091 1369 1094 ,

274 1161 363 1208 raro
379 1133 514 1228 accidit
532 1135 733 1232 pericardii
751 1135 934 1233 hydropi,
956 1151 998 1208 ut
1018 1135 1164 1208 nollem
1183 1137 1274 1208 inter

275 1253 391 1350 hujus
423 1254 526 1350 sigua
555 1251 668 1325 fuisse
701 1270 1051 1343 commemoratam,
1076 1257 1274 1352 praesertim

278 1395 366 1442 eum
387 1372 545 1442 Saxonia
564 1373 750 1469 noster(1
767 1371 781 1468 )
802 1373 899 1444 inter
915 1373 978 1443 illa
993 1372 1133 1445 diserte
1150 1395 1274 1470 posue

277 1490 343 1579 rit,
359 1487 504 1561 nullam
527 1513 606 1562 esse
627 1495 734 1560 sitim.
765 1494 938 1565 Attamen
961 1493 1029 1562 etsi
1050 1515 1071 1560 e
1092 1491 1276 1562 contrario
1368 1565 1369 1584 p

277 1607 317 1682 in
334 1605 500 1678 thoracis
523 1605 693 1704 hydrope
711 1622 773 1678 urit
791 1609 994 1679 siccitatem
1018 1604 1207 1694 faucium,
1223 1619 1278 1676 aut
1368 1641 1369 1714 p

222 1781 230 1804 .
278 1724 380 1796 sitim
395 1725 433 1794 iu
446 1723 518 1794 illis
531 1722 727 1812 omnibus,
742 1747 835 1820 quas
845 1747 889 1794 ox
903 1724 1073 1794 Valsalva
1088 1722 1277 1821 descripsi·

277 1866 383 1930 mus,
402 1840 730 1914 observationibus
750 1843 936 1930 invenies3
951 1839 995 1914 fit
1008 1841 1278 1938 aliquando,ut
1368 1909 1369 1916 ,

278 1961 317 2031 iu
336 1961 419 2058 ipso
437 1985 592 2057 quoque
616 1959 720 2030 nulla
743 1961 809 2049 sit,
826 1959 942 2056 idque
966 1974 1100 2057 praeter
1120 1959 1229 2052 altas,
1248 1973 1281 2030 et
1368 1977 1369 1988 ¹

278 2079 503 2149 nominatim
520 2075 618 2150 Rufii
640 2076 694 2173 (a)
712 2076 1032 2164 observationem,
1051 2101 1132 2149 nou
1151 2102 1228 2150 uua
1241 2101 1280 2148 er

280 2174 419 2266 uostris
440 2192 639 2266 coufirmat
654 2194 822 2266 historiis
845 2194 909 2292 (3).
928 2194 1197 2285 Quamobrem,
1212 2195 1281 2268 sitis

280 2311 465 2400 absentia,
490 2328 554 2384 aut
573 2314 769 2410 praeseutia
787 2337 858 2410 pro
874 2328 977 2384 certo
996 2312 1066 2386 hos
1086 2313 1185 2386 duos
1210 2337 1280 2384 non
1368 2319 1369 2384 f

281 2429 487 2527 distinguet
513 2429 715 2528 hydropes.
741 2410 818 2500 ‘Sed
846 2431 966 2504 multo
997 2432 1122 2502 minus
1149 2430 1282 2528 pedum

281 2561 431 2635 tumor,
450 2563 493 2618 ut
510 2571 625 2644 quem
646 2549 868 2646 intersigna
886 2548 1041 2646 quidem
1058 2549 1283 2620 recensitum

282 2663 384 2760 leges
398 2663 582 2760 hydropis
596 2663 785 2754 thoracis,
805 2665 1058 2762 eumdemque
1076 2681 1205 2738 tamen
1224 2665 1284 2736 alt.
1368 2657 1369 2702 ³

285 2781 894 2878 quantosoepiusquamsitim,in
907 2783 1285 2882 pericardiihydrope
1368 2831 1369 2856 t

285 2897 458 2970 videmus
477 2897 616 2988 fuisse,
639 2897 800 2972 defuisse
827 2916 971 2986 autem,
988 2924 1058 2998 neo
1080 2901 1285 2984 rarissime,
1368 2909 1369 2988 j

286 3017 325 3088 in
349 3017 414 3088 illo
431 3017 550 3088 altero
568 3016 641 3115 (Δ),
663 3033 699 3090 et
719 3042 999 3116 nonnunquam
1017 3019 1056 3088 in
1079 3016 1286 3113 conjunctis
1368 3031 1369 3036 ’

286 3134 473 3208 ambobus
486 3134 562 3234 (5),
578 3136 642 3208 ¹val
657 3151 793 3209 nostroe
813 3136 978 3234 probant
997 3135 1284 3208 observationes,

288 3255 372 3324 Una
392 3249 508 3332 ferme
525 3267 582 3326 est
596 3243 809 3342 fluctuatio,
829 3279 910 3351 quae
927 3253 1118 3325 interdum
1138 3251 1286 3351 quidem
1368 3281 1369 3296 ¹
