2820 4662
296 420 369 510 460
459 443 505 490 ns
532 441 679 490 ssnraus
704 443 747 488 nr
773 439 909 488 musra
924 439 1137 488 uonaonunr

296 555 338 627 hi
351 555 533 640 indicaret
546 555 662 628 sedes.
684 555 752 626 Hic
773 569 898 640 autem
917 553 1035 626 homo
1052 567 1154 626 certe
1166 550 1305 624 denui-

239 743 241 748 ,
297 673 336 746 to
362 674 628 746 intestinorum
654 671 899 744 incommodo
926 688 1082 770 questus
1101 670 1245 760 fuerat3
1263 683 1306 741 ut

297 795 484 864 vermium
494 792 645 888 agitatio
661 790 808 888 aliqua,
819 792 901 886 ejus
915 807 1076 864 mortem
1089 803 1306 875 consecuta,

298 909 389 982 illuc
407 934 540 982 versus
550 909 791 1006 sanguinem,
808 909 950 1007 qnippe
965 905 1147 995 fluidum,
1160 923 1205 979 ut
1212 905 1303 994 dixi,

302 1029 507 1102 concitasse
526 1025 708 1097 videatur.
735 1025 845 1097 Unde
865 1028 1055 1122 sequitur,
1075 1050 1165 1097 cum
1185 1025 1227 1094 in
1252 1046 1307 1092 ca·

301 1140 480 1219 daverum
500 1144 685 1214 intestinis
705 1157 848 1239 partem
865 1143 1030 1241 aliquam
1052 1143 1185 1214 colore
1211 1142 1303 1236 ejus·
1351 1163 1360 1180 ⁸

253 1328 258 1338 .
300 1263 407 1335 modi
418 1258 591 1332 infectam
606 1259 794 1345 videmus,
807 1284 886 1330 non
904 1261 1087 1331 continuo
1104 1285 1151 1331 eo
1172 1258 1307 1330 decur-

302 1376 465 1450 rendum
489 1400 587 1462 esse,
612 1391 654 1448 ut
680 1373 992 1464 inflammatione,
1017 1393 1083 1448 aut
1108 1399 1306 1475 gangraena
1407 1413 1408 1438 ÷

299 1497 377 1593 jam
399 1498 437 1564 in
463 1491 674 1566 viventibus
694 1507 873 1570 tentatam
898 1493 1225 1590 pronunciemu53
1243 1495 1307 1566 nisi

305 1636 349 1684 ea
361 1637 444 1709 quae
463 1625 527 1683 aut
541 1610 688 1683 obitum
704 1624 1001 1696 antecesserunt,
1017 1625 1081 1682 aut
1096 1637 1187 1683 eum
1210 1613 1309 1684 coio-
1407 1667 1408 1674 κ

303 1755 385 1804 rem
405 1731 443 1801 in
461 1731 620 1804 mortuis
642 1731 887 1816 comitantur,
904 1729 943 1800 id
962 1729 1073 1802 nobis
1094 1755 1308 1804 commons-

304 1862 427 1935 trent3
448 1873 534 1926 cum
554 1846 612 1918 vel
633 1861 717 1944 post
733 1861 894 1918 mortem
918 1845 1123 1944 aliquando
1141 1850 1308 1946 possitis

306 1968 413 2039 color
431 1965 582 2052 induci,
599 1965 803 2063 praesertim
820 1988 908 2037 cum
926 1965 1132 2040 dissolutus
1143 1967 1311 2064 sanguis,

306 2079 577 2154 erssniousest.
622 2123 624 2130 ,

316 2257 319 2264 .
362 2225 415 2296 19.
434 2205 453 2270 J
457 2200 589 2270 uvenis
600 2213 724 2271 alitem
744 2199 901 2294 cadaver
913 2215 1049 2298 praeter
1066 2217 1240 2276 scrotum
1255 2225 1310 2272 ec·

308 2313 479 2412 chymosi
500 2317 606 2413 quasi
625 2317 786 2414 quadam
806 2316 1002 2406 affectum,
1018 2334 1170 2394 tensum
1189 2320 1310 2392 adhuc

308 2459 445 2532 penem
462 2434 635 2506 ostendit.
657 2437 765 2506 Sexta
790 2435 939 2506 circiter
954 2461 975 2526 a
991 2454 1112 2510 morte
1129 2439 1231 2512 hora
1244 2439 1313 2511 dis-

310 2566 474 2636 sectum,
498 2551 599 2622 intus
621 2551 789 2624 calebat:
811 2553 968 2650 septima
989 2571 1115 2628 autem
1133 2559 1197 2630 vel
1218 2573 1312 2632 exte·
1406 2625 1407 2630 ,

309 2669 388 2740 rius
406 2682 576 2765 teporem
595 2669 776 2741 servabat.
795 2673 951 2769 Sanguis
973 2689 1051 2746 erat
1070 2673 1225 2748 fluidus
1244 2681 1313 2754 Cae-

310 2799 389 2856 tera
404 2808 487 2880 quae
507 2782 553 2855 de
578 2784 674 2872 hoc,
700 2801 736 2857 et
759 2787 953 2885 superiore
978 2790 1160 2865 cadavere
1179 2794 1314 2892 scripta

312 2902 519 2988 hahemus,
536 2900 611 2972 huc
631 2903 785 2976 minime
800 2907 977 2992 attinent,
994 2923 1032 2981 et
1050 2911 1239 3005 wnn‘ulla
1256 2911 1315 2982 ali·

312 3021 353 3096 bi
386 3035 523 3118 scripta
556 3036 665 3108 sunt,
693 3022 796 3094 velut
825 3021 924 3096 infra
955 3025 1315 3102 umbilicumfuisse

165 3171 167 3178 ’
248 3203 250 3208 ,
313 3164 395 3214 eam
418 3139 492 3209 coli
516 3127 686 3208 intestini
703 3154 847 3236 partem
869 3165 950 3237 quae
969 3141 1213 3217 subtenditur
1229 3171 1316 3218 ven·

312 3258 471 3343 triculo‚
487 3257 553 3354 qui
571 3257 611 3326 in
628 3255 701 3329 hoc
715 3257 854 3352 juvene
871 3260 1003 3356 etipse
1023 3258 1185 3336 inferius
1205 3287 1316 3361 quam

316 3373 452 3460 soleat,
471 3373 615 3446 iocatus
633 3389 729 3461 erat;
746 3375 785 3446 in
804 3376 934 3473 primis
949 3392 1076 3452 ‘autem
1086 3405 1169 3478 quae
1182 3381 1232 3452 ad
1250 3381 1319 3452 lac·

315 3506 374 3562 tea
393 3491 553 3562 attinent
573 3487 678 3574 vasa,
698 3490 798 3589 chyli
824 3494 957 3590 plena,
983 3492 1101 3570 ferme
1116 3501 1317 3572 semi-con-

315 3610 431 3697 creti,
452 3609 573 3706 eoque
586 3612 702 3708 magis
714 3612 992 3700 restitantis,·et
1008 3612 1320 3713 frequentissimis

315 3726 473 3818 valvulis
487 3727 594 3823 quasi
605 3727 757 3800 nodulis
767 3728 962 3820 distincta;
978 3756 1066 3804 nam
1076 3733 1226 3832 reliqua
1240 3737 1279 3805 in
1294 3737 1321 3804 1,

318 3841 641 3915 animadversione
667 3844 861 3922 Adversar.
879 3853 916 3920 Il
932 3874 978 3922 ex
993 3848 1068 3922 hoc
1087 3852 1173 3948 ipso
1184 3853 1321 3950 jurene

320 3959 505 4058 descripta
522 3960 650 4034 habes.
673 3972 676 3978 '
1223 3967 1229 3984 “
