2832 4662
245 487 314 538 tle.
342 488 382 536 11.
411 485 458 534 or
485 482 1062 554 uonrtsrnomc1s,nr1sr.xx.
1091 462 1164 537 613

151 620 284 680 eutem
301 603 364 675 itte
382 590 485 674 dorsi
508 603 575 699 qui
601 603 746 700 anginae
770 601 945 699 protinus
969 603 1166 691 successit,

141 724 247 796 ‘item
270 721 332 793 ille
350 720 443 792 alter
464 742 645 818 gravans,
677 720 745 816 qui
771 743 872 790 zonae
891 721 1008 790 instar
1027 720 1167 790 inimo

157 839 313 912 thorace
341 836 640 937 percipiebatur,
672 838 745 908 nisi
772 835 878 906 hunc
904 829 999 906 forte
1026 832 1167 908 referre

157 955 265 1026 malis
289 954 336 1026 ad
356 953 605 1053 purulentum
628 977 755 1025 serum
775 971 853 1050 quo
881 967 1030 1050 septum
1047 947 1166 1024 trans·

151 1097 311 1146 'versum
331 1085 571 1172 gravaretur3
585 1069 840 1169 suspicionem
850 1051 921 1140 tibi
928 1063 1083 1140 fortasse
1100 1068 1168 1139 ali-

160 1215 296 1288 quam,
317 1191 346 1261 si
363 1213 443 1259 non
461 1189 739 1283 conjecturam,
755 1185 1064 1286 suppeditabunt.
1084 1187 1168 1276 Qua

160 1332 231 1405 ego
250 1308 403 1378 interim
426 1307 466 1376 in
491 1305 618 1377 medio
637 1307 788 1394 relicta,
814 1304 909 1376 illud
932 1303 1167 1393 admoneb0,

56 1403 59 1410 ‚
159 1439 203 1495 ut
228 1425 267 1493 in
289 1422 542 1520 descriptione
563 1423 758 1520 proposita
781 1421 972 1517 (1),illam
995 1417 1187 1495 attendas

159 1539 289 1612 falsam
307 1539 588 1627 membranam,
607 1547 690 1636 quae
707 1539 845 1636 pleurae
862 1539 1073 1630 adhaerens,
1095 1544 1165 1614 hu·
1232 1545 1233 1548 ’

159 1660 222 1756 jus
236 1659 521 1755 corruptionem
544 1654 807 1728 mentiebatur.
816 1645 911 1728 ¹-Huc
926 1663 1039 1748 enim.
1049 1665 1164 1734 altera

161 1773 495 1874 spectatValsalvae
514 1774 743 1863 observatio,
763 1774 809 1846 ad
826 1774 1104 1851 huncvmodum
1126 1805 1165 1853 se

149 1892 317 1966 babens.

212 2009 268 2109 59.
285 2012 423 2087 Mulier
442 2027 621 2108 quartum
633 2037 775 2086 annum
790 2037 905 2111 agens
927 2030 964 2086 et
985 2018 1166 2114 sexagesi·
1206 1989 1216 1998 N

51 2201 54 2204 ,
162 2155 279 2218 mum,
292 2128 425 2202 dolore
438 2131 643 2229 corripitur
653 2133 694 2201 in
710 2125 862 2202 dextera
874 2131 1037 2205 thoracis
1047 2149 1164 2232 parte,

159 2262 202 2319 ut
220 2245 424 2320 difficulter
437 2247 578 2318 cubare
588 2248 745 2320 inhanc
762 2250 900 2346 possit,
919 2255 1085 2324 necsine
1097 2252 1163 2323 do-
1254 2337 1257 2344 Ι

159 2364 367 2463 loreipsam
377 2380 543 2464 tangere.
556 2371 747 2464 Frequens
760 2369 1032 2465 estrespiratio,
1041 2371 1164 2443 inanis
1212 2455 1214 2460 ¹

161 2483 291 2570 tussis,
315 2483 436 2572 celer,
457 2479 658 2581 frequens,
683 2507 840 2580 parvus,
865 2483 998 2570 debilis
1023 2488 1162 2583 pulsus.
1251 2545 1256 2552 .
1319 2555 1322 2562 .

162 2599 231 2670 Die
244 2600 403 2698 septimo
420 2599 542 2672 sudor
551 2601 649 2686 circa
659 2615 772 2698 caput
782 2600 966 2672 oboritur.
983 2599 1165 2675 Deficien-

160 2715 260 2788 tibus
278 2717 444 2803 viribus,
462 2743 568 2790 nono
586 2718 906 2792 circiterdeeedit.

120 2907 123 2914 ,
210 2832 379 2905 Thorace
388 2851 540 2930 aperto,
555 2835 688 2932 pulmo
699 2839 741 2906 in
757 2859 848 2908 cavo
862 2837 1017 2908 dextero
1031 2863 1165 2920 occur-

163 2947 270 3019 rebat
287 2947 394 3019 valde
410 2948 600 3046 turgidus,
620 2965 665 3020 ut
680 2950 755 3020 hoc
774 2965 895 3022 totum
910 2952 1096 3048 impleret,
1111 2957 1164 3026 le-

164 3069 259 3139 viter
275 3065 481 3139 adhaerens.
493 3065 544 3138 ad
564 3066 734 3164 pleuram
751 3092 825 3166 ope
845 3068 1038 3163 cujusdam
1058 3074 1166 3168 quasi

164 3186 412 3275 membranae,
434 3183 541 3254 illum
568 3185 668 3254 inter
694 3198 731 3255 et
756 3183 926 3282 pleuram
949 3182 1163 3281 interjecta.

152 3305 401 3394 ¹Quae-revera
420 3302 515 3406 nihil
537 3301 639 3372 thud
661 3305 739 3372 erat
761 3327 874 3399 quam
895 3327 1040 3392 serum,
1059 3305 1165 3402 quod

117 3449 123 3470 ¹
158 3436 364 3519 postquam
378 3407 639 3524 erutriusque
656 3421 761 3526 poris
773 3424 928 3508 exierat,
942 3423 992 3493 ita
1012 3446 1165 3504 ooncre·
1261 3460 1280 3476 ν

160 3553 283 3625 uerat,
311 3553 358 3626 et„
372 3563 410 3610 se
440 3537 677 3628 extenderat,
707 3550 751 3610 ut
776 3539 1036 3611 membranam
1063 3543 1163 3616 sanie

160 3655 364 3754 turgidam,
376 3672 488 3754 atque
504 3656 599 3728 adeo
610 3670 831 3754 corruptam
850 3651 1163 3756 pleuram'primo

198 4021 242 4100 (ι)
263 4025 303 4080 Ν.
318 4023 365 4082 56.
410 4035 413 4040 “
