2648 4508
276 64 290 95 l

191 304 262 398 344
358 326 405 375 na
431 325 576 375 sturnus
601 325 645 373 ar
671 325 793 376 causis
818 305 1027 378 uonaounu

239 449 294 530 24.
321 443 399 513 Nisi
424 442 455 512 is
481 441 610 527 dolor,
629 443 884 540 respirationis
903 459 939 515 et
962 447 1192 542 praecordio·

188 586 273 633 rum
295 561 484 656 angustias
509 560 677 657 excipere
697 541 792 631 'alias
817 564 1089 654 consuevisset3
1116 563 1192 636 for·

187 693 283 750 tasse
303 679 381 772 ejus
401 700 549 748 causam
567 677 605 745 in
624 677 685 747 illa
704 678 813 748 etiam
833 703 930 775 aqua
952 682 1133 778 suspicari
1147 683 1194 752 li·

189 809 308 880 ceret,
327 819 411 891 quae
428 808 469 864 ut
484 817 665 864 summam
683 792 764 864 tubi
776 795 1035 866 vertebrarum
1048 814 1192 896 partem

188 936 232 987 ea
249 913 357 1009 copia
374 909 540 998 tenebat,
564 911 636 998 sic,
660 911 737 980 imo
750 911 809 983 vel
826 913 962 1009 magis,
981 914 1193 1012 implevisse

169 1026 172 1030 ⁵
187 1026 404 1104 inferiorem
423 1025 525 1097 credi
537 1041 663 1124 posset
678 1053 685 1094 :
705 1052 808 1099 nunc
821 1029 948 1125 potius
962 1031 1056 1126 septi
1073 1045 1192 1102 trans-

188 1147 285 1218 versi
310 1143 655 1216 vehementioribus
677 1144 717 1214 in
744 1144 963 1242 respirando
994 1148 1192 1220 conatibus

188 1248 458 1336 adscribendus
474 1260 642 1349 videtur,
659 1260 764 1357 quod
781 1276 949 1333 extremo
968 1263 1086 1334 altero
1108 1289 1193 1335 ver-

188 1379 305 1453 tebris
325 1378 542 1450 lumborum
564 1376 737 1476 affigitur.
767 1383 944 1451 Caeteram
969 1379 1032 1452 hic
1051 1382 1192 1451 arteriae

189 1513 302 1571 aortae
318 1496 573 1566 dilatationem
602 1494 779 1567 libentius
795 1495 993 1568 tribuerim
1009 1497 1046 1566 vi
1070 1497 1191 1567 nimiae

93 1699 96 1705 ,
190 1639 265 1713 qua
287 1638 367 1702 cor,
387 1613 486 1685 mole
505 1628 674 1702 auctum,
694 1607 913 1711 sanguinem
930 1616 969 1685 in
986 1614 1087 1685 illam
1103 1639 1192 1686 con·

188 1731 386 1819 trudebat3
402 1755 502 1801 nam
533 1730 653 1801 eidem
683 1755 836 1829 quoque
866 1755 1195 1804 causae'ossearum

191 1841 439 1948 squamarum'
459 1847 661 1946 productio
685 1848 833 1920 videtur
860 1850 1037 1947 assignari
1064 1873 1217 1947 posse3.

191 1968 346 2066 quando
362 1991 511 2039 osseum
530 1963 669 2036 factum
688 1962 855 2062 ejus'dem
876 1970 1017 2038 arteriae
1045 1968 1193 2038 initium

190 2107 257 2158 eos
270 2085 449 2156 duntaxat
470 2107 599 2154 cervos
619 2082 757 2155 habere
783 2084 850 2180 qui
873 2083 1030 2173 diutius,
1053 2099 1089 2156 et
1115 2108 1194 2156 cre·

188 2200 293 2274 brius
311 2201 500 2273 currendo
519 2225 556 2272 se
567 2202 812 2289 exercuerint,
822 2225 901 2272 non
912 2225 976 2274 eos
987 2203 1053 2299 qui
1065 2202 1104 2272 iu
1117 2227 1192 2273 ma-

191 2336 344 2420 gnatum
355 2319 503 2390 vivariis
512 2318 630 2415 quieti
637 2319 798 2406 aluntur,
809 2335 941 2391 auctor
953 2320 1194 2392 estBoe'rhaa-

190 2438 350 2532 vius(1).
369 2434 440 2507 Sed
460 2449 500 2504 ut
518 2433 595 2506 haec
613 2437 649 2504 vi
667 2436 790 2506 nimiae
810 2437 949 2508 sinistri
966 2436 1091 2509 cordis
1101 2462 1193 2508 ven-

190 2552 330 2639 triculi,
339 2554 389 2622 sic
403 2552 524 2622 nimiae
537 2554 574 2621 vi
582 2552 726 2623 dexteri
737 2552 831 2623 illud
841 2552 1104 2652 imputandum
1119 2570 1192 2644 est,

189 2667 294 2767 quod
309 2669 456 2766 sanguis
476 2670 551 2740 suis
572 2668 725 2740 demum
753 2669 932 2768 disruptis
950 2671 1126 2758 vasculis,
1151 2672 1190 2742 in

188 2785 415 2885 pulmonum
437 2785 697 2875 substantiam,
712 2786 786 2857 hoc
803 2803 859 2858 est
875 2789 974 2858 intra
990 2789 1189 2875 vesiculas,

187 2903 289 2976 unde
309 2928 378 3002 per
394 2919 545 3002 sputum
570 2905 724 3002 prodiit,
750 2901 891 2976 effusus
912 2906 958 2977 sit
982 2930 1027 2976 eo
1046 2903 1190 2979 facilius

175 3008 293 3121 vquod
310 3046 387 3091 nou
404 3023 453 3091 ita
473 3045 621 3110 sanum,
642 3019 869 3118 firmumque
886 3021 925 3092 id
941 3046 1019 3094 esse
1043 3039 1189 3121 poterat

186 3139 332 3228 viscus,
357 3137 406 3210 oh
429 3138 575 3211 assidue
591 3139 770 3237 'illapsum
798 3164 884 3211 cnm
912 3163 997 3211 aere
1015 3141 1186 3213 lanarum

186 3256 390 3357 pulverem.
414 3256 534 3326 Posita
548 3271 673 3327 autem
699 3256 745 3328 ad
763 3256 930 3355 aliquod*
946 3271 1095 3356 tempus
1119 3261 1186 3330 ista

185 3388 297 3444 aortae
314 3373 550 3460 dilatatione,
564 3375 762 3446 verisimile
773 3389 843 3461 est,
856 3377 1085 3448 ventriculos
1096 3402 1187 3474 quo-

185 3507 262 3589 'que
281 3489 405 3561 cordis
418 3489 466 3561 ab
481 3492 672 3564 restitante
689 3495 868 3590 sanguine
885 3490 997 3567 fuisse
1010 3495 1185 3565 nonnihil

186 3705 1183 3740 -.-,--.---.-.-.....................-...

224 3857 269 3936 (ι)
288 3861 417 3922 Praelect.
431 3860 463 3918 in
473 3858 570 3919 Instit.
584 3860 600 3931 ς
612 3857 680 3932 478.
721 3879 726 3886 ’
