2648 4508
212 386 285 479 484
355 409 402 458 un
428 377 574 459 srmmus
597 411 642 458 nr
666 410 789 460 musis
814 384 1025 461 nonnitu'uu

82 528 108 626 'b
208 518 343 620 Neque
362 506 521 598 alioruin
545 520 745 620 oportebat
760 529 1069 623 inexperientiam
1085 503 1137 597 ita
1155 550 1222 599 ac-

212 661 360 725 cusare,
379 640 485 737 quasi
507 640 700 737 proposita
712 634 991 745 'administratio
1010 657 1106 714 esset
1124 668 1219 741 pro-

211 754 417 852 pemodum
436 755 700 854 impossibilis,
718 771 763 827 et·
773 770 951 854 praeterea
970 752 1000 829 si
1017 726 1239 833 vinculum,

210 856 480 971 adstringeres3
506 874 640 944 arteria
665 875 836 970 superius
858 873 1093 977 dilatapetttr,
1112 877 1219 948 inhi-

210 985 370 1086 bitoque
388 1004 588 1088 propterea
605 990 804 1086 sanguinis·
818 989 942 1080 fluxu,
959 989 1114 1067 inferius
1128 994 1218 1092 pul·-

210 1120 308 1182 earet
320 1105 480 1178 obscure
494 1106 717 1178 admodum:
730 1106 924 1178 sinautem
937 1109 1130 1181 vinculum
1141 1111 1216 1184 sol·

209 1246 336 1312 veres,
353 1224 544 1320 sanguinis
570 1251 590 1298 e
607 1225 761 1296 uulnere
783 1225 1011 1322 prosilientis
1030 1224 1216 1303 effusione

211 1341 339 1414 omnia
356 1340 681 1438 perturbarentur.
702 1344 968 1440 Namque,(ut
975 1350 1214 1441 preteream,

210 1473 414 1555 antequam
423 1456 604 1530 Harveius
612 1456 807 1547 scriberet,
824 1475 996 1533 testatum
1013 1485 1090 1553 esse
1101 1467 1214 1536 Sauc’·

207 1576 349 1649 tortum
363 1576 377 1673 (
385 1574 435 1673 i),
455 1599 493 1648 se
510 1601 663 1672 quoque
680 1575 902 1648 hoccaleni
915 1579 1213 1676 experimentum

207 1692 379 1778 inobrutis
384 1693 641 1792 probavisse),
655 1708 755 1789 certe
767 1679 1008 1766 Vieussenius
1021 1696 1076 1793 (2)
1084 1713 1213 1794 postea

208 1809 418 1885 felicissime
442 1810 606 1908 peregit,
628 1835 762 1909 neque,
776 1835 865 1882 cum
881 1810 1033 1884 vincula
1052 1808 1212 1889 adstrin-

207 1929 331 2016 xisset‚
346 1927 510 1999 inhiberi
519 1927 818 2026 viditsanguinis
833 1926 994 2019 fluxum,
1010 1931 1087 2002 imo
1107 1954 1211 2029 aeque

205 2046 328 2119 valide
346 2043 422 2117 fere
435 2043 531 2117 infra
543 2069 586 2116 ac
601 2052 713 2142 supra'
727 2043 904 2117 tubulum
916 2101 926 2136 ,
939 2034 1113 2120 aiteriam
1124 2048 1211 2146 pul-

199 2187 307 2247 sare,
324 2179 388 2236 aut
403 2187 489 2234 cum
505 2186 594 2233 mox
608 2162 715 2233 nulla·
725 2163 877 2235 vincula
891 2162 1144 2256 adhibuisset,
1163 2163 1211 2238 es·

204 2277 353 2355 fusione
370 2281 562 2378 sanguinis
577 2278 836 2377 perturbatum
854 2296 910 2353 est
925 2281 1083 2353 alterum
1101 2307 1209 2381 expe·

205 2399 427 2486 timentum,
437 2394 551 2494 'quod‘
562 2398 776 2469 Sanctorius
787 2396 842 2493 (3)
857 2399 907 2468 ait
923 2423 944 2468 a
959 2399 1101 2470 Galeno
1116 2425 1208 2498 quo·

204 2541 279 2614 que
296 2513 409 2605 fuisse
426 2514 665 2611 propositum
682 2513 837 2602 eodem,
856 2539 932 2611 quo
947 2517 1132 2613 primum,
1149 2542 1209 2591 ca·

203 2633 297 2730 pite,
314 2631 354 2700 in
372 2652 450 2729 quo
468 2653 537 2728 ego
561 2629 715 2726 quidem
738 2642 820 2700 nou
835 2631 999 2703 invenio.
1020 2638 1067 2705 At
1087 2636 1206 2724 enim,

201 2746 370 2843 inquieS,
394 2762 600 2845 utrumque
623 2747 732 2818 cessit
756 2750 1039 2821 coutra'Galeni
1059 2759 1205 2824 se'nten·

201 2865 305 2937 tiam.
326 2869 478 2939 Fateor:
498 2862 623 2960 neque
643 2858 813 2962 uu'qua'm
829 2867 867 2936 in
886 2867 1014 2937 animo
1030 2867 1148 2941 habui
1166 2882 1206 2943 ut

200 2979 301 3055 hauc
317 2996 455 3054 tuerer.
467 2979 569 3052 Illud
589 2978 863 3070 nnunthab'ui,
883 2997 924 3055 ut
943 2986 1205 3077 ostenderem,

199 3125 279 3172 non
297 3100 508 3197 oportuisse
523 3099 562 3168 in
582 3097 741 3199 dubium
760 3100 1050 3172 vocare'Galeni
1068 3100 1204 3193 fidem,

199 3217 308 3314 quasi
322 3216 619 3314 experimentum
636 3213 813 3312 quodalii
830 3234 963 3313 capere
976 3228 1204 3314 potueruut,
1224 3232 1227 3237 '

196 3333 277 3432 ipse
293 3356 426 3430 capere
436 3355 515 3404 non
531 3332 724 3429 potuisset.
738 3334 833 3403 Nam
844 3331 949 3431 quod
959 3333 1000 3402 in
1016 3335 1209 3433 capiendo

235 3636 278 3714 (r)
300 3637 465 3694 Comment.
479 3636 511 3693 in
522 3639 553 3712 1,
565 3640 646 3698 Fen.
660 3641 693 3712 Ι,
709 3639 782 3698 C‘an.
800 3639 886 3700 Avic.
906 3639 1012 3700 Docti·
1027 3659 1061 3714 ι,
1078 3662 1106 3702 c.
1119 3663 1157 3718 a,
1174 3658 1204 3706 et

193 3747 297 3816 quaest.
316 3754 383 3793 121.
537 3747 539 3751 ’
823 3726 826 3731 ‚
877 3718 900 3763 ⁹
1070 3732 1072 3737 ¹

233 3835 278 3914 (a)
298 3836 464 3911 Neurog.1.
479 3853 511 3906 1,
525 3854 551 3891 c.
568 3842 595 3903 4.

233 3931 277 4015 (3)
296 3934 384 3996 Locis
398 3934 488 3994 modo
502 3934 553 3992 cit.
