2766 4670
176 429 243 478 nra.
271 430 298 477 ι.
325 425 853 493 nnnonnrscaerrrs,ae1sr.
879 431 953 478 xrv.
1008 408 1075 486 153

69 545 241 617 diximus
260 547 299 614 in
318 541 442 631 medio
460 494 608 639 regiorie
625 540 753 639 palati
775 543 965 618 observari
978 544 1075 620 duos

68 677 219 735 meatus
237 663 464 758 qui'fociunt
478 659 620 732 traulos
629 713 640 746 ,
658 661 825 732 similiter
841 663 1075 738 observamus

58 783 187 877 juxta
196 778 324 850 dentes
321 779 548 874 foramina(
564 778 732 849 omnibus
750 783 793 849 iis
810 795 933 856 tameo
950 782 999 853 ab
1015 805 1073 854 or·

67 913 109 969 tu
137 912 293 969 nomrae
320 895 546 993 congenita)
569 899 741 992 majora,
764 922 911 996 perque
931 905 1074 996 pituita

66 1013 238 1102 stillans,
254 1013 320 1086 vel
333 1018 493 1110 irrigans
512 1012 676 1109 linguam
693 1020 731 1084 in
741 1029 857 1112 parte
877 1003 944 1085 illo
964 1031 1072 1088 onte·

69 1136 188 1218 riori,
215 1129 368 1202 bloesom
392 1129 615 1230 locutionem
625 1131 746 1223 facit,
771 1130 870 1202 unde
888 1131 1011 1219 balbi,
1036 1146 1073 1204 et

68 1247 304 1344 semiongues
335 1263 446 1334 sunm·
470 1261 513 1320 ut
542 1245 779 1321 manifestum
810 1249 875 1336 sit,
903 1274 924 1319 a
954 1249 1071 1348 magis

67 1379 225 1464 patente
248 1365 314 1436 illo
342 1373 442 1464 pone
466 1363 597 1438 dentes
616 1366 797 1438 incismes
818 1383 945 1439 meatu
958 1421 968 1456 ,
983 1391 1071 1438 non

69 1483 300 1568 traulorum,
329 1481 375 1554 de
398 1481 536 1580 quibus
556 1483 596 1553 in
617 1482 687 1554 hac
707 1483 969 1557 observatione
992 1508 1069 1560 ser·

68 1625 129 1672 mo
155 1614 233 1688 est,
256 1598 321 1673 sed
346 1598 547 1672 blaesorum
571 1601 705 1672 vitium
735 1600 962 1676 deduxisse:
988 1627 1070 1700 quae

69 1716 142 1788 duo
156 1717 344 1790 balbutiei
358 1743 494 1816 genera
514 1733 698 1814 quantum
717 1715 892 1789 differant
901 1721 1000 1790 inter
1018 1743 1071 1805 se,

71 1833 218 1908 erudita
233 1834 434 1908 ostendent
451 1834 593 1908 scholia
610 1834 656 1906 ad
670 1835 879 1933 proximam
896 1835 1070 1908 observa-

70 1950 214 2024 tionem
229 1955 356 2025 XXJV.
380 1953 449 2024 Hic
476 1977 619 2050 quaeres
643 1977 711 2024 cur
726 1951 805 2024 haec
829 1951 943 2024 altera
960 1955 1069 2022 Sanc-

70 2069 151 2140 torii
180 2067 394 2141 observatio
416 2070 456 2140 in
479 2068 725 2168 Sepulchreto
745 2070 880 2141 omissa
899 2069 965 2157 sit,
982 2092 1075 2140 curn

70 2187 189 2282 prior,
205 2187 375 2284 quamvis
389 2212 606 2287 perperam,
621 2188 976 2287 proponaturiitem
985 2209 1068 2283 quae

72 2302 139 2375 sint
159 2305 278 2403 igitur
300 2305 340 2376 in
365 2305 498 2377 eodem
520 2329 602 2377 osse
628 2321 783 2402 quarto,
807 2307 846 2375 in
871 2302 1077 2400 mediaque.

71 2419 179 2514 palati
198 2421 350 2518 regione
369 2419 439 2492 alia
455 2419 518 2492 illa
533 2419 609 2492 duo
627 2418 833 2508 foramina,
851 2445 933 2518 quae
951 2420 1068 2518 magis

72 2534 248 2608 intraulis
258 2552 429 2636 pateant,
445 2563 558 2634 quam
568 2534 608 2607 in
618 2540 780 2610 caeteris?
794 2536 944 2610 tandem
954 2561 1069 2634 quan-

73 2665 143 2724 tum
154 2654 205 2727 sit
213 2653 273 2725 his
282 2654 465 2725 Sanctorii
475 2653 1067 2727 observationibustribuendum?

72 2771 139 2868 Ego
156 2793 252 2842 vero
265 2769 315 2842 ob
328 2769 497 2843 eamdem
513 2773 696 2844 incuriam
707 2781 789 2871 qua
803 2773 962 2870 primam
972 2771 1066 2844 adeo

73 2888 267 2983 pervertit,
295 2887 598 2962 observationem
626 2889 779 2962 alteram
809 2913 886 2960 esse
914 2902 1065 2986 praeter-

73 3005 234 3094 missam,
255 3027 332 3076 non
354 3005 498 3077 dubito.
527 3007 723 3078 Foramina
739 3020 863 3078 autem
885 3007 925 3076 in
944 3005 1067 3076 media

74 3120 129 3194 illa
145 3122 263 3223 palati
287 3124 440 3224 regione
471 3124 511 3194 in
532 3139 589 3196 tot
605 3149 687 3223 quae
710 3125 874 3221 inspexi,
899 3122 1066 3220 purgatis

74 3239 256 3338 aridisque
277 3239 460 3339 capitibus
485 3240 621 3315 vidisse
641 3267 722 3342 non
738 3239 913 3326 memini,
932 3262 1002 3310 nec
1025 3239 1066 3310 in

74 3355 144 3429 uilo
165 3381 301 3430 eorum
320 3357 448 3447 video,
465 3383 558 3457 ·quae
583 3359 702 3433 multa
730 3380 832 3430 nunc
854 3357 964 3432 etiam
986 3354 1065 3428 haec

75 3475 253 3563 scribens,
269 3499 344 3575 prae
357 3476 476 3547 oculis
491 3473 635 3567 habeo;
650 3501 720 3548 nec
730 3490 855 3547 tamen
867 3470 973 3546 sacile
986 3498 1064 3546 cre·
1087 3541 1088 3546 ,

75 3587 244 3680 diderim,
261 3594 301 3664 in
318 3607 423 3666 tanto
441 3617 603 3666 numero
613 3619 674 3666 me
689 3615 886 3690 nunquam
897 3593 938 3662 in
953 3592 1065 3663 trauli

75 3725 177 3806 capnt
194 3709 388 3800 incidisse,
411 3710 451 3783 in
474 3735 553 3808 quo
575 3708 765 3800 videlicet,
784 3710 925 3808 quippe
948 3709 1065 3803 magis

76 3822 195 3917 obvia,
218 3841 331 3924 atque
357 3842 503 3926 aperta,
528 3853 572 3900 ea
598 3825 781 3899 foramina
805 3826 1063 3922 conspicerem

76 3963 149 4035 qua
162 3944 202 4016 in
216 3945 358 4020 caeteris
375 3959 497 4019 essent
514 3943 754 4042 perobscura.
768 3945 991 4039 Quanquam
1002 3965 1064 4012 au·
