2832 4662
182 481 251 532 nm.
278 480 320 555 ¹l·
349 479 396 527 nr
422 475 559 526 nonnis
584 475 781 542 moriers,
806 433 926 526 mrsr.⁸
943 477 1003 526 xx.
1032 454 1102 555 573

95 611 173 685 est,
185 611 228 669 ut
240 597 283 668 in
300 619 347 668 co
360 617 449 665 casu
466 591 627 664 videtur.
649 595 743 664 Cum
757 592 857 663 enim
872 592 1002 690 pulmo
1017 593 1105 667 dex-

94 727 155 785 ter
176 728 277 786 esset
299 712 457 784 dorsum
483 731 614 782 versus
641 707 736 780 adeo
764 707 1038 800 inflammatus,
1066 728 1103 784 et

93 830 405 930 gravis,apleura
418 843 543 900 autem
560 826 727 899 solutus:
745 851 870 924 neque
878 826 1101 926 aliquiddis·

93 947 264 1036 trahere,
288 971 415 1045 neque
442 969 570 1018 sanam
589 945 648 1016 sui
672 957 837 1043 partem,
862 960 927 1016 aut
951 945 1102 1043 pulmo-

94 1087 183 1136 nem
208 1065 367 1155 alterum
387 1087 542 1162 gravare
566 1076 735 1159 poterat,
763 1063 901 1162 supino
927 1079 1107 1162 corpore

144 1183 261 1254 Lanio
276 1196 402 1254 autem
411 1181 460 1252 dc
472 1203 551 1279 quo
564 1203 677 1278 supra
694 1179 749 1277 (1)
763 1178 907 1252 dictum
919 1194 994 1269 cst,
1005 1206 1100 1281 quo-

92 1298 211 1371 modo
222 1303 381 1398 supinus
393 1297 533 1372 cubare
547 1311 714 1397 poterat,
726 1298 792 1394 qui
802 1297 941 1370 durum
949 1300 1100 1399 pulmo-

91 1441 182 1490 nem
206 1416 254 1489 ad
284 1432 453 1490 sternum
476 1412 641 1487 habebat
667 1413 861 1512 ¹alligatum
882 1417 898 1486 i
920 1421 978 1490 An
1001 1417 1099 1492 forte

92 1535 200 1633 quod
215 1534 344 1621 initio,
361 1547 403 1604 ut
418 1531 557 1602 rationi
567 1553 780 1602 consonum
791 1531 940 1602 videtur
950 1587 960 1621 ,
971 1537 1098 1610 minus

93 1651 218 1750 gravis
246 1663 341 1722 esset
363 1647 511 1747 pulm0,
534 1648 677 1744 quippe
700 1645 865 1718 necdum
885 1662 988 1720 tanta
1007 1673 1098 1721 con·

93 1749 197 1867 geste
214 1766 377 1838 materiae
394 1764 501 1864 copia
517 1763 532 1834 l
550 1765 894 1862 Quaeposteaquam
912 1782 1020 1838 aucta
1031 1782 1098 1859 est,

91 1899 175 1956 tum
186 1883 356 1984 ‘denique
369 1882 530 1982 amplius
538 1879 760 1955 decubitum
776 1881 816 1953 in
834 1879 988 1956 dorsum
999 1882 1098 1959 ferre

90 2025 171 2074 non
188 2003 313 2115 potuit
332 2030 340 2071 :
367 2000 432 2074 sed
449 2015 592 2091 erecta,
611 2014 654 2072 ut
671 2001 906 2100 scripsimus,
925 2005 1093 2093 cervice,

92 2121 268 2220 spiritum
295 2120 434 2192 ducere
458 2135 609 2192 coactus
632 2132 697 2190 est.
719 2121 767 2190 At
785 2120 950 2218 ejusqui
969 2123 1096 2220 sequi-

93 2251 180 2328 tur,
198 2261 325 2327 casus,
340 2261 453 2336 quam
465 2236 753 2335 explicationem
771 2233 996 2310 afferemus?

143 2361 200 2444 24.
213 2357 281 2427 Vir
295 2379 441 2426 annum
459 2378 573 2453 agens
593 2354 741 2425 circiter
757 2353 1095 2453 quadragesimum,

93 2469 236 2571 duplici
252 2487 376 2545 autem
393 2470 732 2561 loboranshcrnia,
749 2495 835 2544 cum
852 2471 1016 2546 thoracis
1024 2473 1094 2546 do-

91 2587 192 2680 lore,
212 2605 250 2662 et
266 2588 409 2680 difficili
423 2590 670 2690 respiratione
691 2605 891 2688 correptus
904 2593 1113 2684 esset,ini-,

89 2707 145 2778 tio
168 2707 322 2807 quidem
344 2706 487 2782 facilius
509 2708 553 2780 in
578 2708 675 2781 latus
697 2706 860 2781 cubabat
878 2705 1096 2815 dexterum,

89 2821 228 2896 deinde
248 2827 289 2894 in
305 2825 497 2898 sinistrum
511 2851 522 2912 3
537 2825 578 2894 in
596 2825 751 2897 dorsum
771 2825 877 2898 nullo
896 2826 1011 2900 modo
1024 2854 1093 2927 po-

89 2955 196 3013 terat.
219 2925 382 3013 Mnltum
408 2938 622 3038 exspuebat.
643 2939 775 3012 Erecta
790 2943 933 3015 cervice
951 2947 1093 3041 spirare

90 3058 307 3160 cogebatur.
332 3060 401 3129 Die
425 3056 577 3128 decimo
600 3071 657 3128 est
679 3072 862 3130 mortuus.
891 3060 1108 3133 Pulmones.

90 3176 204 3249 ambo
225 3190 262 3249 et
286 3174 527 3248 adhaerebant
552 3173 690 3273 pleurae
709 3175 761 3246 sic
779 3189 927 3264 tamen,
954 3191 997 3248 ut
1012 3179 1093 3250 sinc

89 3294 315 3368 laceratione
328 3291 493 3392 separari
507 3317 587 3364 non
603 3307 778 3390 possent,
798 3307 835 3364 et
846 3291 1001 3365 dorsum
1011 3319 1091 3366 ver-

89 3435 153 3486 sus
164 3411 385 3484 inflammati
395 3425 517 3500 erant,
532 3435 575 3480 ac
587 3410 749 3481 multum
759 3409 855 3482 duri.
868 3410 971 3483 Nihil
984 3437 1090 3510 aquae

88 3531 129 3601 in
144 3529 367 3630 pericardio.
384 3532 429 3600 In
445 3526 559 3600 corde
578 3542 654 3600 tres
675 3526 864 3627 polyposae
878 3533 1089 3603 concretio-

87 3671 173 3737 nes,
192 3672 267 3720 una
286 3650 327 3718 in
339 3647 550 3721 ventriculo
571 3645 743 3734 sinistro;
760 3644 842 3719 duae
854 3661 977 3722 autem
992 3671 1089 3723 cras·

124 4021 294 4102 ote-1³·
319 4112 325 4125 ,
