2820 4662
309 443 381 536 436
474 467 522 515 nn
548 463 694 514 sumnus
718 465 762 512 rr
787 460 911 513 crusis
936 463 1147 518 uonronmr

305 579 497 654 sevidisse
514 585 552 650 ia
568 577 737 678 quadam
749 576 877 648 uetula
892 600 1019 650 omnes
1032 587 1196 655 arterias
1208 587 1308 658 sint's-

290 700 383 768 ¹tras
401 721 524 769 osseas
537 698 760 787 essefactas.
776 696 947 767 Coiterus
958 711 1083 769 autem
1093 698 1150 796 (1)
1168 698 1247 775 hoc
1258 705 1308 774 in-

305 837 417 913 super
431 813 477 886 de
493 812 688 911 Falloppio
703 812 864 910 scripsit,
879 816 984 883 viros
987 813 1076 908 fide
1091 813 1231 912 dignos
1243 821 1310 891 sibi

304 937 487 1004 Bononiae
496 930 676 1017 retulisse,
689 953 728 999 se
738 953 779 999 se
790 932 940 999 Patavii
948 933 985 998 in
998 953 1176 1030 corpore,
1189 961 1217 1004 a
1227 935 1308 1006 Fat-

304 1049 432 1148 loppio
443 1049 618 1133 dissecto,
634 1044 772 1118 vidisse
783 1050 960 1116 arteriam
968 1063 1118 1120 aortam
1126 1104 1138 1137 ,
1147 1057 1306 1124 sicema·

301 1191 435 1264 gnam,
462 1179 579 1236 totam
603 1187 758 1235 osseam.
787 1167 895 1236 Certe
912 1176 1037 1237 autem
1057 1165 1120 1237 illa
1139 1169 1305 1264 ejusdem

301 1284 445 1356 arteriae
453 1281 715 1355 descendentis
725 1282 849 1378 portio
860 1294 937 1353 tota
954 1289 1057 1355 ossea
1072 1267 1188 1356 fuerit
1203 1310 1306 1384 opor

300 1413 373 1489 tet,
389 1423 536 1497 quame
552 1397 777 1470 nobilissimi
792 1397 864 1469 viri
883 1397 1080 1490 cadavere,
1100 1423 1190 1472 cum
1212 1404 1303 1476 duo·

300 1515 373 1589 bus
390 1516 595 1588 cruralibus
612 1520 726 1586 ramis
748 1515 947 1614 spithamas
973 1514 1208 1613 longitudine
1223 1546 1302 1594 exe-

299 1635 369 1707 mit
393 1635 573 1707 Harveius
589 1633 663 1732 (2);
682 1657 770 1705 nam
792 1633 871 1728 ejus
896 1638 1040 1704 tunicas
1061 1639 1099 1704 ia
1116 1636 1301 1710 calamum

300 1769 338 1825 et
352 1752 520 1826 tabulam
541 1776 685 1823 osseam
700 1749 867 1822 totaliter
885 1774 1078 1824 conversos
1096 1752 1217 1844 dixit,
1236 1777 1303 1828 nec
1393 1749 1394 1804 ἶ

300 1885 421 1959 certe,
441 1871 472 1942 si
485 1871 611 1942 tunica
628 1868 754 1966 aliqua
772 1866 1036 1968 superfuisset,
1050 1883 1131 1943 erat
1147 1873 1232 1967 ejus
1248 1897 1299 1943 ar·
1393 1919 1394 1972 ἶ

300 2002 480 2088 gumento
499 1989 606 2060 locus
616 2011 692 2085 per
709 1984 935 2058 soliditatem
957 1993 1066 2077 oseis,
1073 1988 1298 2080 facultatem
1393 1981 1394 1986 ἵ

298 2103 509 2206 pulsificam
527 2103 665 2176 deduci
679 2127 755 2174 non
765 2109 944 2202 potuisse.
967 2104 1111 2176 Omitto
1131 2105 1221 2194 alias
1240 2105 1297 2178 ob-

299 2225 547 2312 servationes,
566 2246 652 2294 cum
666 2222 706 2291 in
721 2219 791 2292 hac
808 2220 989 2292 Harveius
1000 2234 1148 2294 tantum
1159 2219 1295 2326 dixerit,

298 2355 481 2440 quantum
500 2339 586 2411 satis
601 2354 677 2426 est,
700 2361 749 2409 ne
768 2351 925 2436 propter
939 2337 1019 2432 ejus
1036 2339 1229 2412 silentium
1244 2340 1297 2411 ali·-

297 2470 356 2528 ter
370 2457 575 2551 conjicere,
594 2452 734 2527 nedum
753 2453 970 2544 ostendere,
990 2468 1053 2526 aut
1067 2457 1244 2530 evincere
1255 2453 1297 2528 fr·

299 2571 370 2644 cile
385 2573 582 2668 possimus.
598 2569 671 2642 Sed
684 2570 867 2644 hactenus
882 2569 981 2660 haec,
998 2595 1079 2642 non
1099 2583 1143 2643 ut
1163 2571 1295 2646 dissen-
1392 2639 1393 2658 ,

298 2664 456 2776 tiarirus,
476 2687 542 2759 sed
562 2702 605 2759 ut
632 2687 814 2786 tantisper
837 2687 1091 2760 assensionem
1125 2689 1296 2762 cohibea·

298 2829 402 2894 mus,
426 2804 518 2876 dum
540 2829 673 2878 verum
691 2791 803 2877 nobis
826 2804 1106 2903 inquirentibus
1124 2829 1163 2878 se
1188 2806 1297 2904 magis

297 2922 446 3022 prodat.
461 2925 571 2994 Nunc
590 2922 637 2994 ad
653 2922 835 3020 reliquam
850 2922 993 2994 dilatati
1008 2921 1155 3016 cordis,
1175 2939 1215 2999 et
1231 2947 1297 2997 ma*
1392 2931 1393 3010 j

298 3065 379 3140 gnae
392 3042 535 3114 arteriae
552 3039 853 3113 observationem
868 3041 1073 3114 veniamus.
1259 3053 1263 3058 '

349 3159 405 3246 34.
420 3154 1042 3246 Mulierannorum,utvidebatur,
1053 3158 1206 3231 circiter
1215 3182 1297 3257 qua·
1392 3235 1393 3262 χ

299 3273 775 3374 draginta,piuguiuscula,
788 3297 871 3372 quae
887 3274 1088 3373 purgando
1101 3275 1222 3348 lintea
1232 3279 1299 3350 vic·
1392 3263 1393 3326 3

296 3405 378 3464 tum
397 3415 563 3488 quaerere
585 3405 843 3480 consueverat,
864 3405 951 3462 cum
963 3393 1060 3465 intra
1077 3395 1297 3470 sexenuium

297 3507 373 3579 hoc
390 3507 565 3579 ultimum
577 3521 734 3605 propter
747 3507 914 3604 spirandi
926 3505 1187 3584 difficultatem
1198 3566 1208 3600 ,
1221 3529 1298 3609 quae

261 3693 268 3716 ,
296 3624 490 3698 asthmatis
516 3625 723 3696 convulsivi
747 3625 909 3725 speciem
935 3624 1119 3718 habebat,
1146 3653 1243 3729 saepe
1259 3631 1297 3700 in

294 3803 1297 3833 W

338 3911 382 3988 (1)
403 3912 475 3967 Obs.
492 3912 580 3966 Anat.

337 4011 383 4089 (a)
402 4008 529 4069 Exercit.
540 4011 629 4068 Anat.
643 4007 676 4076 3,
692 4008 731 4069 de
739 4008 810 4069 circ.
821 4025 903 4088 sung.
