2766 4670
128 497 202 546 um.
229 483 731 555 11.t>ntt0ams,rflotmcts,
757 488 868 541 emsa.
895 493 954 542 xv.
986 475 1053 576 ¹93

90 637 148 710 17.
182 615 373 682 Hactenus
397 605 444 678 de
463 629 574 678 causa
603 629 755 705 gravem
780 609 955 706 spiritum
980 611 1056 685 effi·

39 732 188 817 ciente,
209 750 276 801 seu
289 725 421 824 capiti,
442 747 507 796 seu
520 723 667 812 ventri,
681 747 748 796 seu
765 725 864 797 collo
879 729 1056 824 insideat,

40 849 228 946 scriptum
247 859 311 918 est.
331 846 441 914 Nunc
455 840 502 914 de
525 840 607 929 illa,
629 864 716 913 cum
733 841 880 915 thoraci
897 847 1055 942 insidet,
1150 845 1152 856 ’
1246 929 1250 936 .

41 963 234 1036 nonnulla
262 959 517 1056 adjiciamus:
548 983 768 1057 quanquam
801 987 846 1033 ex
874 981 979 1060 parte
1008 967 1057 1040 ad

41 1081 243 1154 thoracem
268 1101 422 1175 quoque
440 1077 600 1149 attinent
622 1101 703 1175 quae
730 1080 933 1153 novissime
954 1109 1058 1156 com-

45 1196 362 1284 memoravimus,
375 1209 419 1266 ut
431 1195 589 1264 omnino
603 1195 764 1267 attinent
777 1196 1060 1277 observationes

44 1313 178 1388 Laubii
194 1313 280 1386 duae
291 1365 301 1401 ,
314 1312 432 1384 altera
447 1311 603 1384 vomicae
619 1337 705 1384 cum
724 1314 872 1387 incluso
889 1331 1003 1390 acuto
1021 1335 1060 1393 et

47 1455 181 1531 aspero
200 1430 347 1504 calculo
362 1429 586 1503 adhaerentis
597 1432 800 1528 posteriori
809 1435 908 1530 parti
919 1461 1059 1536 asperae

49 1551 208 1640 arteriae,
232 1551 331 1621 circa
346 1546 461 1644 hujus
484 1546 709 1622 divisionem
731 1551 917 1647 primam3
944 1555 1060 1627 altera

50 1669 211 1766 ingentis
226 1667 472 1754 steatomatis,
483 1689 561 1762 quo
577 1666 709 1739 eadem
725 1670 861 1740 arteria
879 1694 1056 1769 compre-

53 1783 311 1872 hendebatur;
338 1807 449 1882 quas,
481 1797 614 1882 utpote
639 1783 711 1854 alia
733 1783 917 1858 habentes
943 1787 1059 1884 digna

56 1925 130 1998 quae
151 1899 462 2002 perpendantur,
480 1900 519 1970 iu
536 1901 726 1972 Centuriis
741 1899 795 1997 (1)
815 1902 915 1998 leges
940 1907 1060 1982 Caesa·

57 2041 119 2091 rea
133 2022 177 2091 N.
196 2023 236 2092 G.
259 2017 475 2089 Academia.
494 2017 571 2090 Nos
585 2018 687 2089 enim
707 2017 770 2090 hie
790 2017 976 2092 decausis
998 2045 1061 2092 ac-

59 2138 125 2208 turi
147 2137 324 2236 pulmoni
352 2137 424 2233 ipsi
441 2135 731 2226 inhaerentibns,
754 2135 808 2208 ad
825 2134 953 2209 earum
974 2163 1062 2236 per-

61 2255 296 2350 quisitionem
332 2250 559 2326 festinamus.
598 2253 698 2325 Illud
729 2249 885 2352 quidem
915 2258 1061 2328 nemini

63 2369 212 2446 dubium
231 2394 311 2445 esse
328 2384 472 2469 potest,
496 2372 590 2470 quin
613 2372 741 2443 omnia
760 2396 844 2470 quae
867 2387 931 2446 aut
948 2375 1060 2448 nimis

66 2491 323 2589 comprimant,
349 2502 414 2559 aut
433 2485 652 2577 infarcient,
677 2505 742 2561 aut
768 2488 950 2564 inflexiles
975 2492 1061 2565 red-

68 2603 142 2679 dant
164 2629 210 2678 ac
233 2606 372 2706 rigidas
397 2605 625 2704 pulmonum
651 2606 829 2697 cellulas,
852 2624 1062 2705 tenuesque

69 2726 146 2798 aeris
167 2724 422 2812 canaliculos,
447 2723 494 2796 ad
516 2722 584 2798 has
608 2726 859 2824 pertinentes,
885 2751 926 2799 ea
951 2729 1063 2800 simul

69 2838 188 2917 ladant
203 2844 500 2942 respirationem.
513 2843 633 2916 Nimis
648 2845 885 2942 comprimit,
901 2846 1064 2942 exempli

73 2965 191 3054 gratia,
213 2962 364 3061 sanguis
381 2961 588 3034 annexaiis
606 2961 755 3034 vascula
765 2960 984 3035 distendens
998 2976 1063 3035 aut

73 3082 182 3177 copia,
199 3094 265 3152 aut
279 3080 488 3178 turgentia,
507 3094 572 3150 aut
589 3103 830 3178 quacumque
849 3094 1064 3154 remorante

75 3214 168 3270 causa
191 3193 383 3270 difficilius
409 3196 595 3268 transiens
618 3221 688 3294 per
711 3195 940 3294 pulmones:
968 3220 1063 3293 quo-

75 3315 330 3414 cumprimum
349 3311 392 3386 fit
411 3315 451 3384 in
477 3313 718 3411 plethoricis,
743 3327 834 3384 tunc
857 3315 1063 3412 prasertim
1175 3300 1178 3305 ¹

78 3450 148 3502 cum
173 3432 391 3507 festinantes
410 3432 621 3503 accelerant
640 3429 818 3530 gradum3
843 3430 1033 3502 alterum
1023 3459 1065 3506 rn

79 3542 226 3624 febribus
251 3547 535 3636 fervidioribus,
561 3549 715 3620 tertium
742 3546 892 3620 ridetur
923 3546 1064 3623 factum

43 3617 88 3708 l
80 3685 112 3732 m
126 3664 481 3766 leminaPrincipe(2
484 3665 510 3764 ),
462 3689 605 3764 aquae
620 3661 840 3737 difficillima
853 3669 1064 3765 respiratio·

82 3839 1062 3870 W

112 3947 151 4027 (Ι)
168 3955 210 4012 1x
224 3956 290 4012 obs.
307 3952 344 4011 15
357 3963 387 4010 et
396 3953 454 4009 VII
467 3953 534 4010 obs.
547 3959 595 4020 lo.

115 4045 152 4127 (²)
170 4055 245 4132 Eph.
261 4053 397 4114 earumd-
410 4053 494 4112 Ceut.
509 4053 544 4125 8,
562 4053 628 4115 obs.
639 4071 688 4130 79.

145 4175 198 4260 Ἃ.Ι
855 4147 898 4219 13
994 4175 999 4184 ·
