2766 4670
296 407 366 484 130
460 431 506 478 ns
533 427 679 478 seorsus
703 429 747 476 nr
772 427 897 480 oausrs
922 431 1131 483 nonnosum

289 546 420 645 juveni
438 543 539 642 apud
556 541 828 614 Schneiderum
848 544 862 640 (
878 569 891 614 1
909 543 924 640 )
944 557 981 617 et
995 545 1227 621 adolescenti
1247 553 1297 622 al·
1365 606 1366 658 q

292 664 385 749 teri,
404 660 450 732 de
468 683 547 757 quo
565 657 694 731 scribit
709 662 889 732 Lowerus
907 659 962 758 (a)
980 688 987 730 ε
1013 687 1178 760 quorum
1198 681 1297 738 uter·
1365 673 1366 758 l

292 781 422 883 quein
441 776 647 848 immodico
664 777 856 875 sanguinis
872 777 1059 876 profluvio
1070 791 1219 854 tant'um
1237 785 1295 856 ille

291 898 495 984 cerevisiae,
511 895 574 966 bic
590 895 829 991 jusculorum
845 896 954 968 avide
973 895 1177 988 biberunt,
1194 916 1239 973 ut
1247 901 1296 971 illi

291 1015 484 1114 sanguinis
494 1025 604 1112 guttae
618 1011 993 1110 prodirentmaxima
1003 1032 1295 1115 expertaeque

289 1157 360 1222 sce,
381 1131 472 1203 huic
489 1143 612 1202 autem
630 1134 718 1228 ipsis
726 1131 902 1228 juscella,
922 1155 1010 1230 quae
1034 1138 1141 1204 toties
1163 1134 1295 1206 house·

290 1267 370 1338 rat,
387 1273 501 1348 qaam
526 1253 701 1344 sanguini
716 1239 920 1319 similiores.
939 1253 1152 1348 Utrumque
1169 1265 1294 1324 tamen

288 1381 477 1444 servatum
492 1365 612 1464 leges,
630 1365 709 1435 imo
727 1363 1017 1457 adolescentem,
1032 1383 1162 1465 postea
1181 1377 1222 1442 in
1238 1376 1294 1442 vi-

288 1507 372 1557 mm
391 1487 598 1572 robustum,
617 1497 654 1552 et
669 1481 899 1580 quadratum
924 1490 1149 1574 exercerem,-
1170 1501 1216 1558 ut
1240 1489 1295 1560 in·

286 1603 450 1702 telligas,
472 1597 540 1674 ubi
563 1601 764 1672 necessitas
779 1599 921 1700 adigat,
941 1601 1061 1674 multo
1081 1604 1199 1678 satius
1219 1627 1294 1676 esse
1367 1667 1368 1670 ,

285 1721 443 1820 jusculis
474 1717 671 1816 aliquanto
695 1717 835 1816 largius
861 1717 980 1808 datis,
1010 1720 1294 1794 circulationem

288 1836 428 1934 reliqui
447 1834 661 1934 sanguinis,
683 1832 810 1931 quoad
827 1835 909 1931 ejus
932 1833 1016 1907 lieri
1039 1838 1180 1935 possit,
1206 1861 1293 1910 oon·
1368 1903 1369 1934 ,

288 1978 457 2043 serrare,
476 1977 591 2051 quam
618 1975 700 2024 eam
727 1953 852 2026 sinere
879 1953 995 2024 nimia
1020 1954 1131 2025 simul
1156 1970 1195 2027 et
1223 1956 1293 2026 baa-

285 2069 520 2170 morrhagia,
546 2085 583 2142 et
612 2067 839 2140 abstinentia
863 2068 976 2141 finiri.
998 2071 1112 2161 Quod
1138 2073 1169 2144 si
1199 2071 1292 2145 forto

287 2213 449 2290 quaeras,
468 2187 534 2258 ubi
555 2186 958 2284 compressionilocus
977 2211 1056 2260 non
1078 2205 1193 2279 esset,
1213 2192 1292 2289 qui·

286 2307 359 2380 bus
378 2305 548 2376 valsalva
565 2317 736 2376 uteretur
752 2305 916 2375 externis
940 2305 1103 2397 auxiliis,
1128 2305 1292 2378 libenter

286 2424 420 2496 dicam.
438 2422 606 2492 Primum
624 2419 796 2518 frigidam
815 2445 884 2520 per
900 2421 1111 2520 syphonem
1127 2423 1168 2494 in
1185 2445 1293 2498 nares

286 2540 391 2636 injici
406 2537 581 2635 jubebat,
616 2561 730 2636 quam
753 2561 847 2638 saepe
873 2537 1036 2628 viderat,
1064 2539 1290 2638 sicquidem
1369 2545 1370 2556 ³

286 2655 509 2743 immissam,
541 2654 767 2754 plusquam
797 2655 1038 2754 sperabatur,
1065 2659 1287 2755 praestitisse.

286 2774 362 2847 Ubi
375 2795 466 2844 vero
479 2797 558 2844 non
574 2774 661 2844 satis
679 2771 846 2864 fecisset3
861 2773 914 2845 -ad
925 2776 1003 2846 vini
1014 2776 1190 2872 spiritum
1207 2799 1290 2848 con·

286 2889 463 3000 fugiebat.
481 2893 558 2962 Nee
574 2903 700 2962 tamen
714 2890 845 2990 legisse
858 2906 1004 2989 poterat
1020 2895 1291 2990 experientissi-

285 3035 388 3104 mum
399 3005 710 3107 ¹Scblicbtingium
725 3007 780 3106 (3)
792 3009 1029 3096 scribentem,
1037 3011 1115 3080 vini
1125 3010 1287 3098 alchool,

286 3129 449 3227 apecfici
464 3131 583 3197 instar
597 3126 648 3196 ab
662 3149 720 3216 se,
737 3141 774 3196 et
791 3129 840 3198 ab
852 3126 931 3198 alio
946 3125 1089 3198 medico
1107 3129 1287 3201 Amstelo-

181 3331 183 3350 Ι
285 3240 455 3316 damensi
458 3244 625 3336 feliciter
645 3269 790 3342 semper
813 3243 1022 3316 adhibitum
1038 3245 1181 3336 fuisse,
1205 3271 1286 3319 sen-

284 3363 352 3434 sim
372 3361 585 3458 sensimque
598 3362 753 3434 naribus
767 3377 987 3448 attractum,
1006 3362 1148 3461 quippe
1165 3385 1285 3435 reme·

283 3475 388 3548 dium
406 3503 486 3548 non
498 3479 623 3550 minus
639 3475 768 3552 efficax
780 3479 827 3554 ad
844 3478 959 3569 hanc,
974 3503 1088 3578 quam
1099 3477 1147 3549 ad
1156 3481 1283 3551 vulne·

319 3777 364 3854 (1)
384 3780 428 3834 De
441 3779 575 3834 Catarrh.
588 3780 608 3834 l.
622 3779 654 3847 3,
671 3798 698 3835 e.
712 3781 740 3842 3.

318 3875 362 3952 (a)
383 3879 482 3933 Tract.
495 3878 533 3934 de
550 3878 663 3947 Corde,
681 3898 706 3934 c.
727 3897 756 3934 a.

317 3973 362 4052 (3)
378 3977 445 4034 Act.
457 3977 496 4035 N.
510 3977 543 4035 C.
558 3987 580 4033 t.
594 3976 629 4050 6,
641 3978 705 4036 abs.
719 3995 768 4035 ao,
