2832 4662
226 498 295 544 im.
324 496 364 543 11.
393 495 440 541 nr
466 489 603 539 nouus
631 488 832 556 THORAGIS,
858 489 971 537 rmsr.
993 491 1052 536 xx.
1080 464 1150 563 617

60 648 62 662 =
138 613 270 700 etiam,
286 605 613 708 quemadmodum
624 603 803 676 Valsalvae
818 603 1152 702 contigit(1),sana

139 733 314 828 prorsus,
332 743 370 800 et
384 727 542 799 omnino
561 722 673 795 illaesa
694 737 833 794 retecta
850 738 955 795 esset.
1013 773 1016 778 -

189 850 276 918 Nou
286 858 487 944 propterea
498 857 624 914 tamen
635 865 754 938 nego,
772 840 985 930 solertibuS,
998 855 1034 913 et
1045 863 1151 912 ¹erer-

142 968 263 1036 citatis
282 963 501 1036 anatomicis
521 983 697 1058 magnam
716 958 908 1031 interdum
930 958 1070 1055 pleurae
1090 961 1150 1056 ip-

141 1085 218 1156 sius
232 1083 420 1154 laesionem
435 1094 522 1178 post
534 1077 700 1150 thoracis
713 1077 879 1148 internas
891 1074 1151 1148 inflammatio·

139 1224 208 1272 nes
224 1200 454 1272 occurrisse..

151 1407 163 1416 .
189 1324 350 1390 Tantum
368 1315 462 1415 quid
481 1313 527 1386 de
543 1314 690 1411 jactatis
707 1313 806 1384 inter
826 1314 953 1386 minus
972 1328 1149 1411 expertos

140 1433 469 1508 observationibus
480 1431 664 1528 suspicer,
683 1455 763 1500 nou
776 1431 926 1501 reticeo.
937 1433 1048 1502 Nunc
1059 1423 1149 1529 quo-

116 1585 119 1590 ·
139 1555 276 1622 niama
294 1552 486 1648 plerisque
507 1570 662 1635 eorum,
683 1547 749 1643 qui
769 1545 815 1616 de
831 1546 918 1619 sede
938 1546 1074 1618 harum
1091 1552 1149 1642 iu-

142 1667 459 1754 flammationum,
486 1667 624 1765 pleurae
653 1663 869 1753 asserenda,
891 1662 1064 1762 pulmoni
1083 1690 1149 1737 au-

141 1801 218 1858 tem
237 1784 489 1882 abjudicanda
506 1781 697 1870 laborant,
717 1805 868 1853 omnem
885 1805 982 1879 pene
996 1807 1148 1855 sensum

140 1905 276 1978 visceri
308 1903 399 1974 huic
427 1902 560 1990 adimi,
587 1899 854 1989 animadverti3
885 1925 1020 1990 unam,
1046 1901 1148 1973 haud
1252 1965 1256 1970 .

121 2022 321 2120 amplius,
341 2043 500 2117 eamque
519 2017 762 2116 perbrevem,
778 2018 956 2100 Valsalvae
973 2019 1149 2092 observa-

140 2141 305 2228 tionem,
320 2137 424 2210 unde
436 2136 669 2208 contrarium
679 2135 797 2233 possit
809 2133 1049 2228 confirmari,
1063 2139 1148 2212 sub-

122 2255 124 2259 ’
136 2255 274 2355 jiciam.

190 2373 249 2447 63.
271 2380 376 2448 Anus
393 2374 629 2474 septuaginta
648 2375 858 2463 annorum,
886 2373 983 2446 duos
1001 2367 1150 2448 circiter

140 2513 289 2562 menses
305 2490 353 2563 de
372 2491 527 2562 interno
548 2489 714 2563 thoracis
728 2489 859 2562 dolore
878 2487 1146 2590 conqueritur:

129 2605 221 2678 'non
234 2609 367 2681 tussit:
386 2633 466 2681 non
487 2610 653 2708 exspuit:
669 2610 709 2680 in
728 2624 904 2681 neutrum
926 2610 1064 2684 cubare
1079 2603 1149 2711 po-

52 2819 55 2824 ·
127 2723 212 2796 'test
230 2725 336 2799 latus.
362 2730 536 2824 Denique
558 2729 729 2815 moritur.
754 2728 888 2799 Pulmo
905 2744 1065 2829 uterque
1091 2735 1148 2804 ni-

142 2840 217 2933 gris
234 2856 313 2910 erat
331 2839 532 2916 distinctus
552 2839 726 2913 maculis:
743 2841 872 2914 dexter
885 2861 1148 2946 praetereaqua
1189 2845 1192 2859 '

138 2954 332 3030 vertebras
344 2957 552 3053 spectabat,
570 2956 687 3028 durus
708 2972 745 3028 et
764 2958 1013 3050 exulceratus,
1032 2990 1150 3062 quan-

133 3087 254 3170 quam
280 3072 384 3143 nihil·
397 3076 574 3172 apparuit
603 3076 756 3147 saniosae
777 3063 954 3148 materiae.
980 3083 1149 3178 Ingentis

139 3189 411 3287 magnitudinis
435 3192 597 3291 polypus
617 3195 656 3263 in
679 3194 889 3268 ventriculo
908 3196 1033 3268 cordis
1057 3199 1147 3270 dex-

139 3320 238 3396 teru,
259 3307 349 3379 hinc
366 3333 435 3406 per
452 3309 533 3405 ejus
552 3325 759 3408 utrumque
778 3309 965 3384 orificium
985 3315 1148 3410 invasa,
1166 3405 1168 3412 Ι

140 3438 178 3495 et
204 3449 381 3497 vasorum
409 3452 534 3508 ramos
556 3453 595 3500 se
616 3429 870 3527 producebat,
896 3445 942 3502 et·
956 3434 1055 3505 mole
1082 3461 1148 3508 sua
1169 3412 1172 3418 ¹

139 3542 304 3614 multum
325 3546 533 3620 auriculam
552 3545 743 3618 dexteram
760 3547 989 3622 dilataverat.
1004 3609 1008 3618 .
1176 3613 1179 3632 ‚

185 3661 244 3748 64.
262 3664 299 3733 Si
309 3665 511 3762 polypum,
524 3689 589 3738 seu
604 3666 756 3763 potius,
775 3666 929 3763 quando
939 3693 989 3739 ne
999 3669 1062 3740 illa
1072 3671 1149 3768 qui-

144 3877 1151 3910 ———--—---··-·-----------....

177 4035 221 4116 (ι)
242 4039 280 4097 u.
303 4041 352 4098 61.
