2842 4672
258 471 281 544 8
422 491 467 543 nr
494 491 639 575 sannas
663 493 708 542 ar
733 491 856 545 causis
882 493 1095 550 norroruu

258 608 329 680 cile
348 633 393 680 ex
415 609 599 680 sententia
618 609 822 708 explicabis
841 637 934 685 mea.
960 615 1078 687 Multa
1093 618 1186 712 jam,
1206 622 1262 694 uti

257 727 372 797 sectio
387 725 641 815 confirmavit,
654 728 693 797 in
710 728 887 801 omnibus
903 731 1129 828 pulmonum
1142 735 1262 810 bron-

259 842 352 914 chiis
368 858 447 916 erat
464 843 681 916 catarrhalis
696 847 868 937 materia,
888 863 930 920 ut
943 874 1014 947 per
1027 866 1181 925 tenuem
1202 881 1262 928 su·

255 958 423 1058 perficiei
441 961 700 1033 membranam
720 964 973 1054 translucens,
991 966 1089 1040 hanc
1105 989 1260 1072 propte·
1300 1015 1303 1022 ·

253 1101 338 1168 rea,
363 1094 405 1150 ut
428 1081 580 1178 opinor,
597 1082 704 1180 quasi
718 1081 842 1153 albida
861 1089 1010 1155 uernice
1029 1087 1185 1160 oblitam
1202 1111 1261 1162 re·
1299 1135 1302 1144 ι

255 1213 506 1294 praesentaret.
526 1197 628 1270 Nihil
642 1199 718 1296 jam
740 1198 823 1294 ejus
833 1200 917 1295 ejici
928 1214 1075 1296 poterat
1090 1222 1259 1280 extremo

256 1313 351 1386 diee
371 1317 616 1412 pulmonibus
637 1317 791 1414 quidem
811 1317 928 1414 magis
951 1322 1146 1418 magisque
1169 1323 1259 1396 flac-

255 1433 501 1506 cescentibus.
531 1441 613 1506 Huc
642 1434 692 1506 ob
718 1433 936 1532 repentinos
961 1449 999 1506 et
1024 1436 1259 1536 incongruos

252 1566 379 1622 motus
394 1552 464 1622 alia
477 1551 524 1623 de
539 1554 745 1649 improviso
757 1552 926 1638 accessit,
938 1551 1012 1622 sive
1023 1552 1070 1625 ab
1086 1542 1257 1654 larynge',

195 1713 215 1778 j
254 1686 291 1742 et
312 1671 570 1769 superioribus
584 1694 722 1768 asperae
738 1671 880 1741 arteriae
898 1669 1067 1767 partibus
1079 1671 1256 1761 decidua,

254 1790 330 1860 sive
350 1790 459 1860 etiam
479 1787 529 1858 ob
547 1786 831 1860 inclinationem
843 1787 946 1858 illam
961 1789 1131 1886 corporis
1145 1789 1192 1860 ab
1208 1789 1256 1860 al·

250 1919 334 1975 tero
350 1894 520 2002 pleniore
530 1905 607 2001 jam
627 1902 797 1994 fortasse,
818 1904 981 2003 ideoque
1005 1906 1148 1994 inutili,
1170 1905 1257 2004 pul-

250 2047 367 2093 mone
385 2023 425 2092 in
442 2023 602 2094 alterum
620 2024 866 2122 semiplenum
883 2048 952 2121 per
967 2049 1082 2120 quem
1099 2024 1257 2120 respira·

252 2142 307 2212 tio
328 2140 453 2213 adhuc
473 2158 699 2232 servaretur,
711 2142 903 2229 devoluta,
920 2142 1005 2238 qui,
1025 2143 1054 2214 si
1074 2139 1170 2213 forte
1187 2139 1257 2213 fuit

254 2259 319 2329 ille
345 2257 466 2330 multo
484 2261 610 2330 minor
619 2305 637 2350 ,·
657 2259 776 2360 probe
796 2258 973 2354 intelligis
993 2280 1105 2354 quam
1127 2255 1255 2346 facile,

253 2391 291 2447 et
301 2401 414 2473 quam
429 2378 503 2447 cito
517 2402 537 2448 a
550 2380 716 2467 materia,
727 2378 786 2450 vel
797 2401 929 2476 pauca,
944 2397 1030 2473 quae,
1035 2375 1169 2471 partim
1181 2373 1256 2444 hoc

253 2493 370 2564 modo
389 2495 579 2568 incidisset
595 2511 768 2593 repente,
780 2496 917 2593 partim
933 2511 1095 2591 superne
1110 2490 1255 2564 deflue-

252 2635 294 2682 re
320 2627 513 2709 pergeret,
534 2613 613 2710 ipse
637 2637 792 2710 quoque
808 2611 951 2683 inutilis
972 2609 1137 2707 potuerit
1158 2607 1251 2680 fleri.
1324 2711 1326 2716 Δ
1419 2615 1420 2680 Ῑ

227 2749 230 2752 ·
253 2728 311 2799 Sic
331 2730 572 2826 repentinum
588 2728 790 2827 explicabis
810 2728 1003 2800 interitum
1030 2752 1037 2793 :
1064 2749 1178 2822 quem
1197 2749 1264 2808 re-,

252 2860 380 2942 petere
398 2846 445 2917 ab
463 2849 679 2946 apoplexia,
697 2862 740 2918 nt
754 2845 945 2950 malebant
960 2842 1076 2940 aliqui
1092 2843 1131 2910 in
1149 2843 1254 2939 prin-

257 2964 339 3060 cipe
365 2965 531 3061 quodam
555 2967 800 3038 serenissimo
826 2964 1022 3061 (1),tanto
1044 2961 1169 3031 minus
1191 2958 1253 3032 hic

252 3078 355 3169 licet,
374 3085 462 3178 quia
481 3100 617 3180 praeter
630 3084 750 3156 salros
764 3083 820 3154 ad
834 3099 1039 3154 extremum
1055 3103 1172 3177 usque
1186 3078 1253 3148 ha-

169 3291 172 3302 .
252 3195 374 3286 litum,
393 3226 519 3271 sensus
535 3216 572 3272 et
587 3217 708 3273 motus
725 3200 975 3286 voluntarios,
1001 3223 1077 3268 una
1097 3221 1179 3268 aum
1200 3194 1253 3265 lo·

252 3315 380 3409 quala,
411 3319 561 3413 quibus,
594 3335 774 3416 tanquam
805 3323 1009 3390 certissimis
1036 3315 1252 3387 catarrhum

250 3431 513 3520 suffocativum
523 3437 572 3505 ab
584 3435 791 3534 apoplexia
803 3435 1109 3532 distinguentibus
1124 3435 1249 3524 signis,

168 3599 171 3604 .
209 3585 211 3590 ·
251 3545 385 3617 medici
401 3550 598 3623 adsensum
607 3555 783 3652 praebent
798 3578 943 3640 omnam
961 3553 1001 3621 in
1019 3547 1175 3620 cerebro
1193 3548 1251 3618 ni-

222 3729 226 3736 .
250 3659 305 3732 hil
319 3661 389 3737 fuit
406 3667 511 3766 quod
525 3672 704 3770 culpares.
721 3677 807 3744 Erat
825 3674 864 3744 in
879 3695 924 3743 eo
940 3690 1094 3768 quoque
1109 3665 1252 3765 princi·
1365 3681 1368 3686 ’
1417 3657 1418 3673 ³

241 3871 1248 3906 w

286 4017 329 4098 (1)
350 4024 427 4085 Hist.
439 4030 508 4088 ride
520 4030 551 4088 in
563 4034 700 4111 append.
708 4077 718 4110 ,
732 4035 792 4094 vol.
806 4052 834 4107 7,
847 4034 913 4090 Act.
926 4031 965 4090 N.
977 4030 1010 4088 C.
1022 4046 1053 4086 n·
1068 4027 1111 4088 X-
