2820 4662
140 437 207 488 arr.
236 435 278 484 n.
304 435 351 484 nr
377 431 513 484 uorsus
538 427 731 500 rnonmts,
757 432 868 484 nrssr.
894 431 969 484 anx.
996 413 1069 515 493

11 579 20 624 s
70 553 213 643 suffieit
234 549 407 646 deinceps
429 547 499 618 olii
520 553 783 645 experimento.
807 554 938 621 Porcio
968 556 1072 645 infra

12 699 20 740 a
61 667 172 766 filum
185 667 334 764 singula
353 671 600 764 respiratione
628 665 789 738 evanida
808 666 931 739 denuo
950 671 1034 768 repl
1052 711 1071 728 -

11 817 19 858 s
71 786 189 858 batur.
210 788 269 856 An
283 787 528 882 respiratione
543 779 640 854 forte
649 784 729 881 ipse
740 785 951 882 scripserit,
969 788 1074 862 exiis

11 937 19 978 r
69 903 244 998 conjicies
262 925 343 998 quae
359 897 640 998 pauloinlerius
651 900 706 998 (1)
723 899 974 999 proferentur.
995 909 1074 976 Cae-f

11 1053 19 1124 s
68 1033 192 1092 terum
206 1019 331 1116 etipse
341 1017 643 1115 perspicuitatem
653 1019 1071 1093 inLowerinarratione

11 1173 18 1216 ,ι
67 1135 276 1210 desiderat:
294 1159 377 1208 cam
398 1139 454 1207 ait
469 1157 612 1206 «venos
626 1159 666 1206 se
672 1136 901 1232 jugulares»
919 1137 1068 1234 ligasse,

11 1307 15 1334 ,
66 1253 349 1340 obsonrumest,
369 1251 515 1348 inquit,
541 1253 689 1334 solome
711 1270 894 1327 externas.
917 1260 963 1327 Et
982 1267 1073 1328 sane

11 1442 18 1452 ,,
66 1385 246 1468 utrasque
267 1371 358 1442 olim
383 1369 533 1441 videtur
557 1369 782 1462 intellexisse
796 1373 978 1446 Novesius
996 1369 1072 1472 (a),

11 1525 17 1570 ῃ
66 1491 131 1585 qui
155 1490 320 1560 externis
344 1487 738 1583 simul,.internisque
761 1489 912 1559 vincula
930 1490 1070 1584 injecit.
1121 1561 1123 1569 ,

11 1648 15 1690 ,
65 1605 178 1696 Quod
195 1629 282 1676 cum
296 1605 337 1674 in
356 1601 455 1691 uuo,
468 1605 640 1702 itemque
659 1605 699 1673 in
719 1603 839 1675 altero
854 1603 999 1684 fecisset
1012 1585 1093 1676 ca?

11 1761 16 1810 t
67 1745 135 1806 ne,
154 1721 417 1810 animadvertit
444 1719 604 1818 quidemn
617 1721 631 1816 (
644 1719 682 1790 id
698 1719 802 1816 quod
820 1717 922 1818 apud
940 1725 1073 1792 Lowe-

11 1883 16 1926 3
64 1861 152 1910 rum
171 1865 251 1916 non
269 1837 448 1934 invenio)
462 1839 566 1936 signa
581 1838 712 1936 capitis
724 1834 809 1908 facti
825 1837 1074 1936 ponderosio-

11 2004 16 2046 3
62 1956 137 2046 ris,
162 1971 199 2028 et
216 1957 399 2052 lacrymas
415 1956 579 2052 aliquot3
594 1955 660 2027 sed
675 1955 831 2028 canibus
844 1956 972 2054 aliquo
988 1973 1075 2055 post

11 2119 14 2158 ς
61 2087 240 2172 tempore
258 2075 436 2162 mortuis,
453 2072 557 2144 ‘nihil
572 2072 780 2171 quidquam
799 2075 878 2145 seri*
888 2089 991 2146 extra
1008 2087 1075 2148 aut

60 2189 170 2262 intra
195 2191 365 2263 cranium
396 2187 507 2262 effusi
537 2188 805 2288 deprehendit:
835 2193 1075 2290 censuitque,

57 2301 126 2378 vel
145 2307 291 2378 cunctis
309 2306 432 2407 ligatis
452 2305 558 2378 venis
576 2307 834 2404 jugularibus,
860 2307 1074 2407 harumque
1163 2343 1187 2356 .,

57 2421 424 2520 ramis,persistere,
434 2425 819 2521 quamvislentiorem
834 2423 967 2499 factam
977 2450 1075 2514 ,san-

59 2539 199 2639 guinis
215 2539 526 2628 circumitionem,
549 2541 691 2640 quippe
707 2541 917 2633 redeuntis,
933 2557 975 2614 ut
993 2543 1076 2642 ipse

60 2657 136 2744 ait,
162 2679 231 2752 per
249 2655 351 2728 sinus
378 2657 550 2728 medullae
569 2659 731 2756 spinalis.
751 2661 928 2732 Praeclar‘e
946 2673 1074 2734 autem

61 2772 245 2859 memini,
269 2797 373 2858 ,cum
396 2774 578 2846 valsalvae.
596 2789 634 2847 et
657 2776 752 2846 mihi
775 2780 951 2849 Bononiae
973 2779 1073 2868 haec,
1157 2869 1158 2874 Ἰ

62 2911 149 2971 non
169 2886 289 2982 ptulto
308 2901 394 2984 post
410 2889 543 2977 edidit,
570 2907 741 2963 narraret
765 2895 964 2982 Novesius,
981 2895 1072 2966 suh·

57 2999 198 3105 jecisse
221 3029 259 3078 se
275 3029 389 3081 venas
407 3004 488 3076 illas
504 3006 732 3080 vincientem
757 3011 895 3081 cavisse
913 3010 1075 3108 diligen·

63 3124 211 3198 tissime
237 3121 514 3219 nequidquam
535 3137 671 3221 praeter
687 3123 816 3196 ‘nudas
842 3127 1073 3225 trenasliga-

63 3257 151 3314 ret:
171 3239 486 3338 suspicari-igitur
506 3245 706 3312 Louerum
724 3242 833 3314 simul
846 3256 931 3315 cuni
949 3245 994 3319 iis
1011 3269 1086 3318 ve·.
1116 3267 1124 3327 ζ

63 3341 376 3455 nis-adhaerentes
393 3356 557 3456 lymphae
574 3356 709 3434 ductus
721 3359 928 3458 colligasse,
941 3361 1076 3460 hisque
1096 3457 1099 3465 .

64 3475 119 3548 oh
129 3475 288 3546 nimiam
298 3472 574 3572 plenitudinem
586 3475 708 3574 ruptis
721 3530 731 3564 ,
752 3501 875 3548 serum
885 3477 978 3551 illud
991 3481 1089 3552 lim..

62 3593 205 3702 pidum
222 3592 395 3664 extitisse.
411 3577 534 3682 Quam
550 3593 801 3692 suspicionem
812 3595 981 3670 Valsalva
994 3623 1074 3674 non

72 3769 1080 3810 unu—m!

104 3873 156 3954 (ι)
175 3877 214 3933 Ν.
232 3876 268 3933 33
283 3888 312 3934 ct
325 3895 386 3954 seq.
440 3935 443 3942 ⁴
564 3931 569 3941 .

114 3967 164 4056 (θ)
183 3977 278 4040 Lettr.
293 3977 331 4039 de
348 3979 384 4037 G·
399 3978 550 4037 Desuotes
562 3979 614 4037 tv.
