2832 4662
181 427 266 476 *nn
294 427 336 475 11.
363 425 410 473 nn
436 422 572 473 nonnis
588 422 798 489 monins,
823 419 943 474 nonn-
962 427 1019 474 xx.
1049 404 1119 503 593
1189 385 1190 388 Ἴ

115 542 173 641 gis
191 539 459 613 fortasseaetati
470 561 545 636 qua
557 537 681 634 rigent
692 538 960 634 omnia,quarn
973 541 1119 632 morbo,
1159 589 1161 592 -

115 659 234 730 videri
251 671 375 756 potest
394 653 653 738 adscribenda.
674 659 717 724 In
729 655 867 750 juvene
881 670 1004 727 autem
1022 683 1121 754 pun-

65 821 68 824 ·
114 792 267 876 gentem
290 774 398 846 illum
416 773 588 844 dolorem
610 774 640 842 si
658 772 705 843 ad
721 772 881 844 validam
902 772 1123 846 inflammati

115 894 310 992 pulmonis
345 916 433 964 ⁴cum
465 891 597 989 pleura
627 892 914 966 connexionem.
937 893 1121 984 retuler03

60 1003 67 1014 ’
114 1037 245 1084 nonne
270 1015 321 1082 ita
347 1034 428 1082 rem
453 1023 587 1106 potero
615 1007 828 1096 declarare,
855 1023 896 1082 ut
925 1010 1122 1106 pleurarn,

110 1130 286 1228 quamvis
299 1127 401 1199 haud
419 1123 708 1205 inflammatam,
733 1125 889 1198 distrahi
916 1127 1121 1228 intelligas,

115 1247 264 1344 quoties
288 1245 473 1317 distentus
486 1243 583 1339 jam,
609 1243 675 1315 sed
699 1269 777 1314 non
795 1246 974 1332 omn-ino,
995 1245 1043 1317 ab
1062 1247 1122 1320 in-

114 1363 371 1435 flammatione
383 1361 516 1459 pulmo
527 1414 537 1448 ,
548 1362 731 1456 inspirato
751 1386 835 1432 aere
853 1363 968 1460 magis
982 1364 1122 1437 disten·

111 1481 234 1570 ditur,
248 1495 285 1552 et
301 1479 374 1551 hoc
394 1479 477 1575 ipso
501 1478 627 1547 omnia
652 1474 862 1574 superficiei
888 1503 961 1550 sun
981 1498 1122 1576 puncta
1185 1569 1186 1572 Ἴ

110 1599 218 1672 ¹aliud
232 1598 279 1669 ab
297 1597 370 1667 alio
384 1596 593 1681 dimovere,
609 1609 646 1666 et
659 1594 764 1692 quod
775 1598 1038 1692 consequitur,
1055 1625 1122 1670 an-

112 1743 250 1790 nexam
263 1717 433 1815 pleuram
453 1713 561 1810 quasi
577 1712 755 1784 divellere
774 1715 959 1788 conatur?
976 1716 1034 1786 Sic
1048 1713 1123 1788 fer-

113 1861 178 1908 me
189 1835 398 1932 expositum
408 1830 552 1902 videbis
561 1830 602 1899 in
612 1829 1044 1928 Sepulchretol1lcasum
1054 1832 1124 1906 hu-

112 1953 174 2050 jus
191 1952 312 2023 nostri
329 1950 498 2022 similem.
513 1951 619 2020 ,Num
635 1960 745 2045 ergo,
773 1949 919 2045 inquis,
949 1975 1124 2050 pungens

111 2070 228 2143 dolor
237 2093 302 2141 eos
316 2091 448 2142 omnes
462 2063 577 2136 afficit
590 2089 756 2163 quorum
773 2064 1025 2140 inflammatus
1039 2069 1123 2166 pul-

115 2187 237 2258 moad
248 2182 708 2284 pleuramadliaerethon
719 2186 1123 2283 uliqueomnes‚.‘qu0d

115 2305 245 2403 plures
269 2303 328 2372 vel
355 2304 395 2372 in
421 2300 492 2372 hac
515 2301 673 2398 epistola
697 2299 976 2403 observationes
996 2317 1122 2376 osten-

112 2419 230 2510 dunt,
250 2445 338 2491 nam
354 2421 452 2492 utin
479 2443 608 2490 earum
626 2415 750 2516 aliqua
777 2435 1009 2518 pungentem
1030 2423 1122 2494 scri·

113 2536 206 2610 bere
222 2537 393 2610 dolorem
407 2536 576 2609 Valsalva
591 2533 687 2608 forte
702 2534 842 2610 oblitus
855 2538 919 2625 sit;
937 2539 977 2608 in
995 2553 1051 2610 tot
1063 2565 1121 2616 re·

114 2655 228 2752 liquis
248 2653 409 2726 oblitum
428 2678 527 2742 esse,
546 2679 627 2724 non
644 2667 700 2725 est
710 2653 899 2727 credibile.
914 2655 1013 2746 Quid
1029 2681 1119 2756 ergo

110 2773 192 2846 esti
206 2771 299 2844 Aliis
309 2770 463 2844 fortasse
480 2775 606 2842 minus
623 2786 724 2842 arcta
741 2756 881 2868 pleurae
910 2786 950 2844 et
974 2774 1120 2871 pulmo·

112 2893 172 2962 nis
184 2892 386 2973 connexio,
401 2889 481 2960 aliis
492 2888 623 2986 pulmo
636 2887 874 2983 superficiem
885 2893 1117 2966 versusadeo

109 3005 407 3078 inflammatione
422 3004 624 3102 impeditus
641 3028 683 3074 ac
698 3003 836 3093 durus,
851 3023 893 3077 ut
909 3005 962 3080 ibi
977 3006 1024 3078 ab
1045 3010 1117 3082 ins·

112 3127 237 3225 pisato
251 3150 336 3198 aere
349 3123 511 3196 distendi
521 3147 599 3194 non
614 3123 749 3220 possit3
766 3121 846 3194 aliis
860 3121 1023 3222 denique
1038 3151 1117 3199 esse

112 3243 185 3314 alia
201 3267 312 3315 cansa
331 3243 473 3339 potuit,
494 3265 562 3312 cur
576 3240 637 3314 vel
655 3265 697 3312 ea
717 3241 836 3338 posita
858 3244 1115 3338 connexione,

113 3360 227 3433 dolor
243 3375 369 3432 tamen
387 3381 559 3458 pungens
577 3382 656 3430 non
674 3355 793 3431 luerit.
814 3360 908 3430 Nam
923 3385 1039 3457 quare
1055 3362 1117 3435 hie

111 3479 180 3565 sit,
191 3491 255 3548 aut
269 3501 349 3547 non
362 3477 426 3565 sit,
438 3471 642 3572 aliquando
653 3497 763 3548 causa
776 3476 816 3544 in
826 3478 1028 3572 propatulo
1043 3495 1114 3569 est3
1142 3551 1149 3558 ,

111 3593 337 3691 aliquando,
351 3609 393 3666 ut
407 3617 538 3666 verum
549 3588 777 3678 fateannon
791 3593 841 3664 ita
858 3589 963 3664 facile
980 3581 1114 3670 occon-

153 3959 197 4041 (1)
219 3963 296 4024 Sect.
309 3960 364 4023 hac
379 3963 450 4036 l,.in
461 3961 553 4024 schol.
567 3961 634 4034 ads
649 3980 695 4036 10,
709 3961 774 4020 obs.
788 3973 836 4020 no.

189 4088 221 4133 α.
743 4115 744 4120 1
922 4059 968 4136 38
