2750 4658
154 423 225 470 Lm.
252 422 293 470 tt·
322 421 369 468 DE
394 421 531 468 MORBIS
555 419 748 488 monete,
771 421 892 470 EPISTu
910 423 982 470 xvt.
1013 423 1085 498 299

81 542 121 612 in
136 539 204 610 illo
216 538 336 614 altero
347 535 541 634 hydrope,
554 551 597 608 ut
609 553 722 636 supra
733 535 980 635 (t)diximus,
997 563 1085 637 per·
1178 615 1182 622 ,

81 673 190 756 cepta
207 670 282 746 est,
299 679 386 726 cum
400 657 439 726 in
452 655 654 754 pericardii
672 655 844 755 hydrope
861 681 940 728 non
963 681 1086 730 recor-

82 776 219 848 demur
246 775 379 874 legisse
408 789 624 872 perceptam
652 774 700 846 ad
730 777 902 873 corporis
929 774 1086 874 quidem

81 897 405 976 concussionem:
431 917 651 990 quanquam
679 895 742 966 illa
767 893 979 992 hydropem
1006 915 1085 966 esso

79 1012 250 1085 thoracis
270 1009 479 1110 significare
503 1025 646 1109 potest,
664 1011 863 1110 pericardii
886 1037 978 1084 vero
993 1028 1086 1084 tuno

81 1130 230 1218 abesse,
248 1155 327 1203 non
344 1146 476 1229 potest.
498 1130 612 1220 Quod
627 1154 718 1202 vero
738 1130 790 1202 ad
803 1129 1087 1202 fluctuationem

81 1274 188 1347 aquae
209 1249 341 1325 attinet
362 1250 403 1320 in
425 1248 636 1347 pericardio
659 1249 742 1347 ipso
762 1248 811 1320 ab
835 1274 956 1349 aegro,
971 1263 1047 1320 *tut
1064 1273 1086 1318 a

82 1365 233 1440 medico
249 1366 338 1456 hec,
362 1368 420 1439 vel
436 1368 506 1439 alia
522 1367 691 1464 qualibet
715 1368 859 1440 ratione
875 1369 1085 1466 percipien-

83 1486 194 1574 dam,
210 1507 297 1556 cum
310 1487 486 1558 Graetzius
500 1484 556 1583 (α)
572 1509 652 1556 non
668 1485 718 1556 ita
736 1484 908 1558 destincte
926 1484 1086 1557 sensibi-

84 1605 180 1692 lem,
196 1619 240 1675 ut
258 1605 298 1674 in
322 1603 494 1701 hydrope
513 1603 697 1691 thoracis,
721 1600 801 1674 fore
821 1605 987 1690 censuit,
1003 1619 1085 1674 tum

80 1745 153 1820 ego
164 1756 175 1811 5
187 1720 341 1819 quando
354 1721 413 1793 vel
427 1721 572 1806 minus,
588 1719 648 1790 vel
660 1719 767 1790 nullo
777 1717 893 1788 modo
902 1718 1087 1791 sensibilis

80 1863 163 1914 esse
187 1841 305 1938 possit
315 1881 333 1928 ,-
350 1839 410 1910 vel
428 1835 572 1910 fallacie
589 1837 715 1934 aliqua
735 1833 889 1908 fortuita
908 1835 1089 1923 simulari,
1149 1925 1150 1930 Ἰ

82 1956 136 2028 ihi
152 1979 233 2028 non
247 1957 397 2042 reticui,
417 1955 501 2038 uhi,
520 1956 549 2027 si
560 1954 639 2026 haee
649 1955 777 2026 omnia
785 1950 932 2025 auferre
947 1953 1089 2042 liceret,

83 2075 273 2171 optimum
293 2091 370 2172 prae·
385 2073 526 2145 coeteris
538 2072 687 2172 signum
699 2069 870 2144 futurum
882 2071 1034 2168 agnovi(
1061 2068 1086 2167 ).

83 2196 202 2264 Lenta
218 2215 309 2264 vero
325 2188 459 2279 febris,
476 2205 513 2262 et
531 2193 846 2278 contabescentes,
861 2185 1090 2275 tristitia,fa-

83 2310 155 2380 eiei
168 2309 312 2407 pallor,
330 2309 430 2381 oculi
442 2309 568 2380 minus
579 2307 694 2380 viridi
711 2304 818 2396 iacti,
834 2322 999 2379 extrema
1010 2329 1090 2378 cor·

83 2427 189 2524 poris
202 2424 428 2525 subfrigide,
445 2442 483 2498 et
491 2425 530 2498 id
542 2451 660 2524 genus
675 2426 747 2498 ulia
756 2449 837 2496 non
849 2423 984 2496 dubito
994 2426 1087 2523 quin

85 2563 345 2642 sepenumero
364 2543 509 2642 possint
526 2545 678 2643 utrique
699 2543 863 2642 hydropi
884 2567 963 2616 esse
986 2567 1089 2614 com·

84 2661 247 2731 munia:
274 2661 352 2732 imo
372 2661 550 2758 pleraque
576 2660 728 2732 horum¹
742 2663 959 2733 communia
988 2685 1088 2750 esse,

83 2778 144 2848 vel
160 2800 206 2850 ex
223 2779 434 2851 Vieusseuii
452 2779 568 2876 ipsius
584 2778 655 2850 eliu
669 2778 931 2880 ohservationp
941 2777 997 2876 (h)
1009 2803 1088 2852 cer-

83 2909 121 2966 te
141 2896 232 2966 scio.
246 2893 323 2967 Nec
341 2898 371 2967 si
391 2895 450 2966 vel
470 2897 579 2995 plura
598 2921 644 2968 ex
658 2897 704 2968 iis
726 2921 809 2994 quae
826 2911 935 2968 antea
953 2897 1089 2966 exami-

84 3026 173 3083 nata
198 3025 305 3104 sunt,
334 3014 448 3112 signis
482 3016 522 3085 in
545 3014 673 3112 aliquo
702 3013 814 3086 simul
843 3013 1005 3086 extitisse
1035 3013 1091 3082 vi-

84 3129 195 3202 deam
209 3133 273 3220 ,in
286 3157 364 3231 quo
378 3131 578 3231 pericardii
590 3132 759 3231 hydrops
770 3129 1090 3230 deprehendatur,

85 3263 288 3347 propterea
301 3251 424 3322 statim
435 3243 484 3322 'de
499 3251 684 3322 sententia
696 3246 894 3337 decedam3
911 3246 975 3320 sed
984 3250 1089 3347 prius
