2842 4672
234 496 306 545 ma.
334 498 359 544 1.
387 483 915 559 nnuormsclrrris,nr1sr.
942 493 1023 544 xm.
1091 473 1137 548 53

125 613 167 684 in
185 611 331 684 ,multis
364 608 518 682 senibus
544 607 739 699 videmuS,
771 611 928 707 myopiae
965 608 1140 703 aflectus,

127 755 248 830 quem
265 743 465 828 propterea
482 725 677 798 Scheidius
695 742 796 801 recte
808 744 1005 800 censuerat
1014 713 1142 803 vocari

28 895 33 906 ι
125 874 241 948 posse
259 843 548 942 anum-popum,
565 845 604 914 in
622 841 685 914 illa
702 845 813 918 docta
832 845 1054 944 eruditaque
1066 849 1139 920 dis·

126 967 349 1066 putatione,
367 988 448 1060 quae
467 968 574 1033 Visus
587 967 744 1033 vitriacus
753 949 1049 1060 inscribitur(1).
1066 966 1141 1037 Sed

126 1105 352 1182 quanquam
361 1080 409 1151 ab
420 1104 461 1153 ea
471 1069 703 1177 Nyctalopia,
712 1080 1008 1177 quamjuniores
1018 1083 1138 1153 Graeci

125 1199 416 1287 intellexerunt,
432 1196 505 1296 (a),
522 1198 634 1294 paulo
652 1191 776 1270 minus
791 1189 926 1270 distare
942 1199 1061 1271 videri
1074 1225 1140 1298 po·

125 1333 201 1390 test
219 1319 251 1388 is
272 1314 428 1389 affectus
453 1315 520 1414 qui
545 1317 752 1414 opponitur
771 1318 943 1416 myopiae,
969 1332 1011 1388 ut
1027 1316 1074 1388 ab
1097 1343 1141 1390 ea

128 1459 247 1533 quam
274 1433 457 1505 intellexit
484 1433 732 1531 Hippocrates
757 1433 832 1532 (3),
859 1423 938 1532 ipsa
962 1435 1139 1532 myopia3

126 1553 244 1650 longe
263 1565 389 1622 tamen
408 1550 470 1621 alii
492 1573 534 1620 ac
565 1549 605 1620 hi
634 1547 808 1637 affectus,
834 1567 921 1624 sunt
949 1567 1029 1623 tum
1053 1551 1138 1639 illa,

125 1683 212 1742 tum
227 1667 308 1738 haec
322 1667 558 1765 nyctalopia,
573 1681 609 1740 ct
621 1693 641 1738 a
652 1670 772 1741 causis
785 1668 898 1768 longe
913 1669 992 1740 aliis
1005 1693 1139 1782 prove-

128 1788 268 1858 niunt:
287 1786 413 1883 itaque
438 1800 573 1856 neutra
599 1784 823 1885 dioptricam
850 1788 951 1858 illam
977 1773 1140 1860 admittit

129 1902 341 1977 medelam:
363 1902 456 2001 quid
483 1905 586 1974 enim
608 1904 826 2001 conspicilla
853 1903 988 1975 faciant
1008 1920 1072 1976 aut
1092 1905 1140 1976 ad

129 2024 307 2122 primam,
326 2003 365 2093 id
380 2035 435 2093 est
444 2020 492 2091 ad
500 2021 752 2119 vespertinam
768 2021 985 2110 caecitatem,
996 2047 1078 2118 quae
1091 2021 1138 2093 ab

130 2142 263 2214 retinae
278 2138 448 2236 jquadam
463 2139 569 2237 quasi
585 2137 840 2226 resolutione,
860 2153 924 2209 aut
940 2138 986 2208 ad
1005 2163 1139 2209 secun-

134 2257 244 2346 dam,
263 2257 303 2328 id
316 2272 371 2328 est
390 2256 439 2328 ad
455 2255 629 2328 diurnam
646 2258 863 2344 caecitatem,
884 2281 966 2354 quae
983 2255 1030 2326 ab
1047 2257 1139 2351 ejus·

131 2374 220 2446 dem
238 2377 367 2447 retinae
385 2375 500 2446 nimia
521 2375 693 2446 tensione
718 2373 922 2471 repetenda
938 2372 1057 2446 videri
1071 2399 1139 2471 po·

130 2494 232 2566 test?
249 2494 370 2591 Igitur
388 2506 429 2564 ut
442 2492 516 2563 hoc
533 2495 640 2592 signo
652 2491 756 2590 quod
766 2491 812 2563 ab
826 2492 1023 2563 inutilitate
1035 2517 1141 2564 cons-

130 2610 350 2710 picillorum
363 2609 546 2698 deduces,
561 2625 597 2682 et
607 2611 837 2708 nyctalopias
846 2609 893 2702 ab
905 2609 1054 2682 duobus
1066 2612 1139 2682 illis

132 2725 330 2800 affectibus
357 2727 586 2826 distingues3
616 2729 667 2800 sic
696 2745 733 2800 et
759 2731 913 2799 nomine
933 2725 1138 2826 distinguas

82 2907 86 2920 .
132 2856 293 2945 oportet.
306 2844 363 2916 Ad
372 2860 494 2917 utram
510 2860 633 2916 autem
643 2845 862 2944 nyctalopiae
872 2870 1021 2917 causam
1030 2869 1138 2917 causa

133 2963 384 3061 quarumdam
403 2990 447 3035 ex
467 2963 559 3034 vitio
586 2964 715 3034 retinae
739 2966 1018 3035 occurrentium
1037 2966 1137 3036 visus

133 3079 410 3154 hebetudinum
420 3081 537 3178 magis
547 3081 714 3168 accedat,
731 3107 835 3153 exeo
854 3106 1008 3178 quoque
1019 3061 1138 3177 conjiss

135 3200 229 3287 cies,
248 3198 353 3296 quod
376 3197 435 3270 his
456 3199 677 3296 praeclarum
702 3199 831 3269 lumen
853 3198 1139 3269 incommodum

135 3333 209 3404 est3
235 3315 309 3388 illis
331 3331 456 3387 autem
480 3315 687 3414 opitulatur
709 3342 789 3387 non
809 3341 915 3388 secus
934 3341 976 3387 ac
996 3315 1138 3406 surdis,

135 3447 199 3504 aut
219 3435 382 3532 graviter
411 3433 650 3505 audientibus
670 3433 721 3505 ob
746 3435 956 3524 laxitatem,
981 3436 1140 3532 majores

177 3791 220 3867 (1)
242 3791 414 3860 Sect.1,.n
430 3790 476 3848 32.

178 3903 221 3982 (a)
241 3905 312 3962 vid.
327 3906 407 3980 apud
417 3906 529 3981 Plemp.
543 3889 714 3980 Ophtlutlm
726 3907 746 3961 l
763 3905 793 3977 5,
806 3926 832 3962 c.
848 3906 894 3963 26
986 3896 989 3904 ⁴

179 4019 221 4098 (a)
241 4020 325 4080 uu
