2766 4670
276 387 342 462 136
411 409 484 490 ,¹³⁸
510 407 655 458 sacrans
680 409 724 458 ar
749 409 872 458 causis
899 403 1111 460 nonnosum

269 551 361 625 pere
377 548 544 621 unquam
560 523 701 621 potuit,
721 549 768 594 ne
787 524 864 596 oris
882 523 1054 621 quidem,
1072 541 1108 596 et
1122 527 1283 596 narium

271 644 429 715 halitum
454 666 499 714 eo
527 656 698 739 tempore
724 640 771 714 de
797 640 982 714 industria
1008 643 1285 740 excipientium

273 787 350 860 quo
366 761 430 834 ille
446 759 607 831 maxime
624 757 671 830 de
688 755 807 830 fetore
826 756 1072 856 querebatur3
1095 773 1137 831 ut
1156 785 1284 858 prop·

269 895 372 952 terea
395 876 490 948 mihi
512 876 723 962 videretur,
746 876 793 947 ab
817 877 964 948 irritato
983 877 1022 948 in
1047 877 1283 974 hypochon-

271 995 363 1069 driis
379 1019 484 1068 ramo
504 994 632 1093 aliquo
651 1017 855 1066 nervorum
873 993 1168 1066 intercostalium
1185 1019 1283 1066 eum

270 1114 464 1186 motumin
477 1112 624 1183 narium
636 1110 893 1184 membranam
907 1113 1106 1211 propagari
1116 1113 1281 1211 quinon
1372 1169 1373 1178 ,

269 1231 450 1304 absimilis
471 1232 556 1328 vejus
579 1247 675 1304 esset
692 1255 806 1329 quem
824 1255 884 1322 res
902 1231 1121 1329 graveoleus
1139 1232 1282 1303 excita·
1372 1241 1373 1334 j

270 1349 476 1437 ret,donec
495 1364 685 1422 crescente
702 1349 999 1421 intercostalium
1011 1372 1222 1420 nervorum
1235 1350 1291 1418 ir·'
1372 1339 1373 1416 ἒ

269 1467 462 1556 ritatione,
485 1467 607 1538 multo
631 1465 886 1564 perturbatior
909 1480 1035 1538 motus
1057 1465 1284 1554 cerebrum,

273 1600 310 1657 et
324 1609 461 1657 nervos
478 1585 841 1683 omnescorriperet.
856 1584 928 1655 Sed
942 1582 1151 1656 denarium
1166 1583 1284 1659 affec·
1372 1621 1373 1628 ¹

240 1692 242 1700 ’
272 1703 373 1776 tibus
391 1704 488 1776 satis.

323 1849 379 1919 29.
407 1824 598 1894 Sectiones
607 1837 682 1893 tres
700 1834 910 1919 sequuntur
922 1820 969 1893 de
986 1822 1079 1907 oris,
1091 1819 1138 1892 de
1150 1822 1279 1910 vocis,
1372 1833 1373 1890 ξ

185 1947 186 1955 ’
274 1940 321 2010 de
336 1937 500 2012 faucium
517 1937 790 2012 affectionibus.
809 1938 866 2009 Ad
879 1963 971 2036 quas
986 1939 1016 2010 si
1029 1937 1181 2027 dixero,
1199 1964 1282 2010 non

274 2081 376 2146 esse,
399 2082 467 2128 cur
481 2057 677 2145 Valsalvae,
696 2070 760 2126 aut
780 2079 881 2127 meas
901 2053 1182 2128 observationes
1203 2080 1282 2126 ma·

274 2201 442 2272 gnopcre
460 2190 654 2273 expectes,
673 2170 828 2246 fortasse
842 2172 997 2245 mireris.
1012 2173 1140 2244 Mirari
1152 2187 1281 2244 tamen

275 2290 440 2380 desines,
459 2291 528 2362 ubi
542 2290 866 2379 animadverteris,
885 2315 965 2360 non
982 2313 1062 2394 csse
1079 2313 1171 2360 meae
1186 2315 1282 2360 con·
1372 2289 1373 2372 ἶ

275 2409 486 2480 suetudinis
512 2410 646 2479 iterare
672 2407 867 2497 historias,
895 2421 959 2480 aut
983 2423 1068 2505 qute
1093 2408 1281 2505 aptiorem

275 2525 364 2596 alibi
385 2526 601 2598 sintlocum
614 2525 812 2612 habiturae,
831 2528 871 2598 in
888 2527 1014 2597 minus
1033 2539 1122 2623 apto
1136 2550 1282 2625 propo·
1372 2507 1373 2576 Ῠ

274 2627 378 2716 nere.
396 2645 515 2740 Igitur
530 2669 612 2741 quae
630 2642 706 2716 huc
725 2671 771 2716 ex
789 2623 894 2742 parte
907 2643 1044 2741 'aliqua
1058 2644 1281 2730 attinerent,
1372 2683 1373 2722 i

274 2761 408 2832 melius
425 2762 465 2831 in
488 2761 567 2832 aliis
591 2762 756 2860 epistolis
773 2754 881 2859 legesss
907 2764 1053 2832 Interea
1073 2762 1282 2833 nonnullas
1372 2791 1373 2796 ¹

276 2878 323 2948 ad
338 2880 521 2952 sectiones
534 2878 645 2952 hasce
660 2878 1001 2951 animadversiones
1013 2878 1183 2968 habebis,
1196 2905 1282 2978 quae
1372 2919 1373 2922 =

276 2997 351 3068 hoc
368 2996 437 3067 tibi
464 2997 661 3070 'consilium
683 2996 950 3070 commendent
969 3021 1113 3085 meum,
1130 3013 1195 3069 aut
1212 2999 1279 3068 ali-

278 3101 481 3214 quideme
493 3114 713 3226 adnotatupu
726 3115 936 3188 ostendant.
949 3117 1039 3205 Quae
1052 3117 1179 3187 omnia
1190 3140 1276 3188 cum
1372 3217 1373 3222 ἵ

276 3234 422 3330 possint
438 3232 539 3303 haud
562 3231 612 3303 ita
628 3232 755 3314 multis
780 3232 1073 3329 comprehendi3
1099 3259 1178 3304 non
1203 3237 1277 3305 visa
1372 3245 1373 3270 ³

277 3365 364 3420 sunt
380 3341 549 3426 seorsum
568 3349 787 3438 scribenda;
805 3349 870 3422 sed
887 3349 976 3422 huic
994 3352 1120 3448 potius
1137 3352 1276 3449 episto·
1372 3357 1373 3392 ἓ

275 3466 319 3536 lae
334 3467 608 3564 conjungenda.

325 3583 394 3664 30„
410 3586 532 3655 Sectio
549 3585 700 3680 quidem
720 3588 806 3654 XXI
826 3587 910 3683 plus
928 3586 1080 3683 triginta
1105 3587 1273 3684 quinque
1372 3567 1373 3642 ἶ

277 3700 428 3772 exhibet
443 3700 730 3773 observationes.
741 3702 813 3774 Sed
825 3719 1073 3800 praeterquam
1086 3704 1191 3800 quod
1209 3705 1273 3775 ob·
1372 3755 1373 3802 3

277 3821 435 3911 servatio
445 3822 478 3888 ΙΙ
489 3833 543 3890 est
553 3843 639 3915 pars
653 3814 789 3910 1x3'xt
799 3835 928 3910 autem
941 3845 1028 3918 pars
1037 3825 1082 3908 V;
1099 3825 1151 3894 VI
1167 3847 1274 3909 vero,

276 3935 380 4030 quod
394 3936 602 4033 permirum
617 3951 672 4008 est
686 3937 839 4038 minime
855 3961 934 4010 esse
953 3938 1273 4032 animadversum,
