2842 4672
289 370 338 460 46
453 393 501 440 or
527 389 673 440 seriens
698 391 742 436 rr
767 389 890 436 carreis
917 389 1128 444 nonnosum

196 551 200 562 ·
289 530 418 580 neam:
433 503 500 576 ubi
518 503 596 574 haec
613 503 731 616 mags
748 525 865 601 opaca
882 519 977 592 erat,
993 519 1030 578 et
1044 508 1223 586 nonnihil
1241 535 1299 585 ex·

293 638 419 696 cavata
445 623 486 692 in
511 618 697 694 foveolam
717 621 867 718 ellypsis
893 622 1060 714 ambitu,
1081 627 1210 700 colore
1231 652 1298 702 au-

289 758 368 818 tem
381 739 558 812 infectam
571 737 667 812 ssavo
683 737 875 829 obsolet03
893 745 967 832 hoc
983 743 1116 816 vitium
1131 745 1178 817 ad
1201 763 1298 821 exte·

290 853 590 934 riorem'corneae
605 854 735 928 faciem
747 883 826 929 non
843 859 1099 956 perveniebat¹

217 951 220 970 .
346 978 400 1050 18.
431 974 641 1048 Verisimile
669 989 744 1063 est,
771 975 870 1046 mala
899 976 998 1066 haee,
1022 977 1113 1050 olim
1141 979 1300 1076 sprtasse

206 1077 213 1092 ’
292 1118 503 1196 praegressa
515 1093 672 1163 interme
689 1093 789 1164 oculi
800 1091 1088 1168 inflammationi
1106 1095 1221 1172 luisse
1236 1103 1303 1172 itm
1416 1093 1417 1106 ¹

293 1210 471 1312 putanda.
496 1209 597 1281 Illud
623 1225 783 1299 certum,
800 1226 936 1308 praeter
952 1215 1177 1310 opacitatem
1198 1239 1302 1315 crys-

293 1331 414 1403 tallini
440 1329 629 1416 humoris,
652 1329 692 1400 in
716 1353 790 1426 qua
817 1326 893 1400 fere
922 1327 1303 1408 suffusiomsnatura
1416 1329 1417 1370 ³

296 1450 485 1537 consistit,
511 1447 839 1544 consumptionem
861 1473 1016 1546 quoque
1037 1473 1181 1549 magnas
1201 1454 1305 1527 illius

296 1569 432 1666 partis,
451 1580 488 1638 et
503 1566 662 1638 alienam
680 1563 826 1654 sedem,
842 1591 885 1638 ac
897 1566 1130 1640 immobilem
1147 1571 1238 1669 ipsi,
1255 1587 1307 1645 at-
1416 1657 1417 1660 Ἴ

297 1711 372 1782 que
390 1685 477 1756 iridi
491 1685 700 1781 contigisse.
726 1685 907 1754 Caeterum
925 1711 1051 1783 neque
1073 1686 1153 1774 hic,
1176 1712 1304 1788 nequa

297 1804 336 1874 in
357 1801 477 1874 Fabro
496 1801 543 1874 de
565 1827 642 1899 quo
659 1825 772 1900 supra
790 1802 848 1899 (1)
866 1803 1009 1876 dictum
1030 1819 1103 1894 est,
1124 1806 1304 1899 durities,

293 1932 335 2022 at
351 1922 499 1994 siccitas
509 1945 595 1992 curn
609 1922 793 2018 opacitate
805 1923 1010 2018 crystallini
1019 1923 1306 2022 conjungebam

296 2054 383 2129 tur,
407 2054 451 2111 ut
473 2039 545 2111 has
565 2063 699 2111 omnes
719 2038 881 2111 libenter
900 2039 1071 2112 Valsalva
1085 2041 1158 2140 (a)
1174 2041 1307 2116 fuisset

199 2178 201 2184 ’
297 2173 500 2230 cataractas
521 2157 788 2256 appellaturus.
815 2162 1025 2230 Cataractae
1050 2173 1176 2232 autem
1203 2163 1303 2258 ejus-

295 2276 402 2347 modi
426 2275 474 2346 ad
496 2301 624 2346 veram
646 2277 898 2346 maturitatem
920 2277 1061 2348 tardius
1085 2281 1306 2376 pervenire,

293 2417 378 2463 non
390 2391 546 2463 dubito:
566 2393 675 2487 cujus
691 2394 840 2490 generis
850 2393 898 2465 de
912 2392 1060 2466 duabus
1067 2397 1309 2492 qtraeseltrtra

296 2533 417 2582 annos
434 2510 577 2606 aliquot
593 2509 881 2582 manifestarunt
896 2513 936 2582 in
954 2509 1060 2583 illius
1072 2511 1220 2584 leminae
1228 2518 1307 2613 pri-

295 2629 421 2700 mariae
434 2627 489 2726 (3)
507 2628 647 2717 oculis,
664 2629 705 2698 in
722 2628 862 2726 quibus
878 2627 969 2700 olim
988 2639 1110 2704 certas
1121 2634 1305 2729 quasdam

295 2747 402 2819 strias
419 2769 706 2846 conspexeram,
723 2749 878 2820 alteram
890 2748 1045 2847 quidem
1057 2747 1304 2842 inissetideo,

294 2866 451 2937 alteram
469 2879 596 2936 autem
610 2880 648 2936 et
664 2881 775 2938 antea
793 2867 943 2955 censui,
960 2883 999 2938 et
1006 2867 1132 2938 adhuc
1152 2887 1301 2941 censeo.

292 2988 388 3058 Nam
405 2986 519 3056 altera
537 3007 582 3056 ex
602 3009 680 3082 quo
699 2986 739 3055 in
757 3001 858 3057 certa
878 2986 1084 3082 crystallini
1100 3001 1207 3086 parte
1232 3005 1303 3085 per

292 3103 507 3177 albedinem
521 3103 723 3202 quamdam
738 3103 776 3175 se
788 3102 976 3202 prodidit,
992 3104 1304 3202 itaprorsua-sine

292 3222 372 3294 ullo
390 3225 626 3294 incremento
640 3236 837 3319 permanet
853 3221 930 3316 jam
949 3242 1071 3292 annos
1086 3221 1228 3319 plures
1237 3223 1301 3292 tl-

291 3354 410 3428 teram
437 3356 561 3412 autem
586 3365 668 3438 quae
689 3341 908 3411 universum
937 3338 1091 3437 quidem
1119 3339 1299 3436 crystalli-

290 3481 385 3527 num
401 3457 660 3549 dealbaverat,
678 3482 804 3555 neque
821 3472 954 3556 ,tamen
972 3457 1088 3554 longo
1104 3457 1182 3553 jam
1204 3472 1298 3528 tem-

328 3758 373 3837 (1)
395 3761 432 3816 N·
450 3758 520 3816 ria

329 3860 372 3937 (a)
393 3861 462 3918 Vid.
478 3860 573 3936 Epist.
588 3863 676 3917 Anat,
694 3861 745 3933 18,
758 3878 788 3918 n.
803 3878 850 3931 ²7·

333 3962 378 4040 (3)
399 3960 478 4019 lbid.
492 3979 522 4017 n.
537 3977 583 4035 19.
