2832 4662
311 403 383 506 594
474 427 520 474 ns
546 421 693 475 sturnus
718 425 761 472 ur
786 421 1146 474 cius1suormoauu

308 547 367 620 rit.
388 545 602 638 Utrumque
614 562 658 612 ex
672 539 854 638 proximis
866 537 1079 637 intelligere
1095 541 1239 638 poteris
1252 541 1318 614 ob-

309 657 593 736 servatiouibus.

359 779 415 876 39.
437 778 504 850 Vir
518 799 705 874 annorum
717 773 866 845 circiter
876 797 940 847 sex
952 789 989 846 et
1001 776 1211 872 sexaginta,
1232 800 1317 848 cum

307 896 374 970 diu
385 895 632 968 catarrhalem
647 892 853 989 exspuisset
864 893 1077 979 materiam,
1095 891 1265 991 denique
1274 922 1318 967 ex

306 1012 432 1113 frigidi
449 1013 544 1084 aeris
569 1011 717 1105 injuriis
740 1009 946 1106 corripitun
969 1008 1102 1082 dolore
1123 1029 1317 1109 pungente

299 1132 447 1205 sinistri
465 1119 834 1224 lateriS‚pluriul11m
853 1126 983 1213 tussit,
999 1124 1198 1198 febricitat.
1223 1133 1317 1200 Cum

307 1274 329 1321 a
348 1248 490 1320 doloris
514 1267 635 1343 usque
660 1244 850 1343 principio
868 1244 1060 1342 ingentem
1078 1269 1234 1344 semper
1257 1272 1316 1318 ex-

306 1363 709 1465 pectorassetmateriae
724 1361 871 1460 copiam
892 1383 1038 1453 crassae,
1051 1361 1154 1434 ssavae
1165 1416 1177 1453 ,
1189 1364 1317 1437 lineis-

306 1503 382 1582 que
408 1481 622 1580 sanguineis
645 1481 773 1579 paucis
802 1478 1002 1568 distinctae,
1030 1479 1183 1553 taudem
1208 1495 1318 1581 sputo

199 1643 201 1648 ·
246 1595 249 1604 ’
298 1621 509 1699 suppresso
524 1599 652 1670 interit
669 1597 829 1696 septimo
841 1596 912 1670 die.
931 1602 976 1669 Iu
991 1598 1158 1672 thoracis
1167 1600 1317 1674 sinistro

303 1709 400 1792 earo
419 1741 517 1816 aqua
531 1731 610 1790 erat
628 1715 759 1788 similis
777 1701 1026 1806 seri'vaccini3
1045 1715 1178 1814 pulmo
1194 1732 1317 1790 autem

306 1836 519 1937 preclarus,
545 1835 593 1907 'ad
619 1832 886 1906 mediastinum
912 1848 950 1905 et
975 1833 1172 1932 plauram,
1199 1849 1319 1910 costas

294 1958 601 2054 -succingentem‚
611 1953 734 2026 valide
746 1950 1200 2050 adhaerebatEodamque
1209 1969 1320 2052 pacto

306 2075 440 2174 pulmo
452 2073 582 2146 dexter
592 2070 879 2159 mediastino‚et
888 2067 1028 2168 pleurae
1039 2069 1321 2170 quadiaphrag·

302 2213 388 2281 ma,
412 2207 449 2264 et
471 2191 676 2290 prasertim
701 2211 776 2286 qua
803 2188 970 2260 anterius
1002 2211 1169 2261 summas
1200 2205 1320 2262 costas

307 2311 507 2398 convestit,
528 2306 761 2406 alligabatur.
782 2305 839 2376 Ad
864 2304 969 2380 huuc
994 2305 1173 2379 ultimum
1191 2307 1318 2380 locum

308 2427 448 2500 latebat
465 2428 506 2497 iu
524 2427 705 2524 pulmone
725 2423 842 2517 ulcus,
852 2445 1099 2510 assemsum,
1115 2423 1228 2504 sedes
1246 2423 1320 2496 lor-

310 2560 405 2616 tasse
426 2543 551 2614 morbi
576 2543 784 2614 inveterati.
812 2541 940 2612 Minor
959 2542 999 2612 in
1023 2541 1179 2613 sinistro
1194 2542 1321 2616 cordis

310 2659 523 2747 ventriculo
536 2657 607 2729 fuit
615 2657 798 2758 polyposa
809 2659 1074 2749 concreti03in
1087 2658 1248 2732 dextero
1257 2683 1320 2730 au·

309 2793 387 2849 tem
407 2776 528 2848 multo
555 2778 695 2874 major,
720 2778 791 2849 eui·
806 2778 974 2850 concreti
1000 2777 1195 2876 sanguinis
1214 2780 1320 2877 copia

309 2893 534 2969 adhaerebat.
554 2900 598 2966 In
610 2911 742 2967 ventre
756 2894 1038 2968 animadversus
1054 2909 1111 2968 est
1130 2895 1245 2970 lienis
1255 2921 1321 2968 co-

299 3015 370 3087 ·lor
387 3013 434 3085 ad
449 3013 609 3086 rubrum
627 3013 825 3086 inclinans
1050 3091 1056 3100 ,

361 3137 418 3219 40.
436 3131 472 3202 Si
489 3130 537 3202 de
555 3129 643 3202 sede
658 3131 803 3226 antiqui
819 3119 946 3202 morbi
962 3129 1142 3202 Valsalvaa
1172 3130 1321 3226 conjec-

300 3263 439 3320 turam
460 3250 596 3320 merito
621 3247 779 3346 probas,
802 3248 979 3347 intelligis
1005 3267 1117 3336 sane,
1141 3247 1241 3344 quid
1263 3271 1319 3320 aa·

311 3366 487 3445 tarrhalis
507 3369 669 3439 materiae
695 3367 852 3438 nomine
880 3366 987 3466 agria
1010 3365 1228 3456 interdum,
1251 3366 1320 3438 uti·

250 3531 276 3570 s
314 3507 402 3554 nam
421 3509 469 3555 ne
483 3499 521 3556 et
534 3484 689 3556 medicis
706 3483 950 3582 quibusdam,
967 3485 1150 3582 imponat.
1163 3483 1320 3558 Sedboc
1410 3541 1411 3568 i

302 3601 354 3670 in
367 3600 537 3672 transitu.
553 3603 621 3673 Hic
634 3600 731 3672 illud
750 3602 988 3700 potissimum
1005 3600 1178 3677 mordas
1187 3601 1321 3686 velim,
1410 3601 1411 3692 l

202 3730 205 3735 '
317 3743 393 3816 quo
410 3719 450 3787 iu
467 3718 581 3790 latere
601 3743 773 3817 pungens
789 3733 870 3790 erat
888 3719 1020 3809 dolor,
1039 3720 1081 3788 in
1096 3744 1143 3790 eo
1164 3742 1321 3816 quoque

313 3833 586 3906 inflammatum
608 3835 830 3933 pulmonem
849 3836 970 3908 valide
993 3835 1041 3908 ad
1059 3835 1236 3932 pleuram
1260 3834 1323 3908 ad·
1410 3857 1411 3946 p

316 3950 480 4041 haesisse,
495 3950 766 4029 inflammatum
776 4007 788 4043 ,,
803 3955 979 4054 inquam,
989 3956 1141 4028 'tametsi
1150 3955 1325 4028 Valsalva
