2820 4662
163 508 231 556 nr.
258 506 299 555 11.
318 489 376 554 'ne
402 502 539 554 nonnis
564 471 764 572 morters,
787 506 899 557 rrrsr.
924 509 999 557 xrx.
1026 489 1098 588 469

93 631 111 688 t>
129 647 236 711 rum;
257 643 473 718 quanquam
489 617 622 692 Rufius
637 619 836 719 Ephesium
855 625 1022 720 quiante
1040 630 1099 726 ip·
1119 641 1122 650 “

93 769 110 806 »
129 765 213 828 sum
230 737 339 823 vixit,
359 735 405 807 de
421 736 584 808 iisdem
569 761 646 833 Jam
668 735 806 812 fecerat
825 741 1066 814 mentionem
1081 775 1100 812 s

94 856 240 930 Scilicet
270 852 437 926 Clericus
468 878 548 924 non
569 853 746 943 attendit,
785 879 873 928 cum
900 859 1102 958 propiores

93 997 209 1070 quam
225 983 479 1058 recurrentes,
492 952 567 1042 illis
581 971 727 1042 arteriis
743 974 868 1045 trunci
886 975 979 1065 sint,
997 977 1101 1052 unde

94 1085 135 1158 hr
147 1087 287 1159 ramuli
296 1084 451 1158 inferrus
467 1086 662 1176 oriuntur,
679 1112 884 1160 nervorum
897 1115 1100 1190 vagorum,

94 1217 323 1276 eostruncos
333 1198 487 1274 Ruffum
496 1202 692 1302 designare
702 1205 1101 1308 voluisse,quoscerte

91 1319 197 1392 haud
214 1319 305 1392 dicit
319 1343 388 1393 suo
408 1318 541 1392 saeculo
565 1345 644 1394 esse
667 1317 857 1422 repertos,
880 1325 945 1398 sed
966 1331 1101 1403 eoru‘m

92 1436 228 1568 (simul
247 1460 333 1508 cum
354 1437 498 1507 arteriis
517 1433 624 1508 facile
642 1437 883 1535 vinctorum)
909 1467 1100 1543 compres-

92 1554 198 1626 sione
217 1551 255 1622 id
272 1548 441 1623 accidere
463 1548 568 1648 quod
590 1550 638 1621 ad
657 1554 811 1625 arterias
830 1569 937 1628 antea
961 1558 1099 1634 refere-

92 1669 225 1759 batur,
241 1667 280 1740 id
297 1689 388 1738 vero
406 1690 474 1738 suo
494 1667 627 1738 saeculo
645 1683 883 1765 compertum
900 1672 1000 1744 dicit.
1016 1681 1100 1748 Huc

93 1803 221 1860 autern
235 1798 403 1886 spectant
416 1809 502 1857 cum
520 1785 601 1872 alii,
620 1799 701 1857 tum
714 1786 755 1857 hi
767 1791 956 1889 praecipue
969 1793 1102 1866 Galeni

94 1904 190 1993 loci,
205 1927 300 2002 quos
309 1928 428 1978 miror
437 1903 624 1975 Clericum
635 1901 918 2004 praeterfugisse
936 1913 1101 2002 Vocare,

94 2020 267 2118 inquit(r
252 2018 302 2116 r,)
317 2018 469 2091 vocales
486 2028 874 2096 nereosconsuevieos
884 2049 1004 2122 ‚quos
1021 2033 1101 2126 ipse

97 2141 249 2208 inveni:
274 2161 362 2206 narn
372 2150 627 2234 praeceptores
646 2143 720 2208 πίει·
743 2163 807 2215 eos
826 2139 1019 2213 duntaxat
1034 2151 1104 2242 qai

92 2233 206 2350 apud
217 2257 373 2324 arterias
385 2266 489 2340 sunt
507 2255 779 2360 cognoscebant
778 2308 840 2326 .....
858 2259 985 2357 Atque
1002 2249 1101 2334 idem

94 2384 154 2442 est
169 2371 316 2460 modus,
337 2395 414 2469 quo
440 2378 598 2472 gutturis
618 2373 779 2445 musculi
797 2373 1003 2478 laeduntur,
1026 2383 1100 2450 sive

96 2503 326 2561 recurrentes
342 2493 455 2576 nervi,
470 2493 544 2560 sive
555 2489 598 2560 tt
609 2493 797 2586 quijurcta
816 2498 974 2564 arterias
992 2509 1102 2586 sunt,

91 2611 288 2696 vitientur,
305 2605 503 2706 nimirum,
524 2621 567 2678 ut
585 2607 699 2706 paulo
720 2625 807 2684 ante
827 2591 939 2700 dixit,
955 2609 1022 2683 vel
1041 2617 1099 2682 in·

97 2728 181 2813 cisi,
199 2723 266 2797 vel
278 2725 413 2825 laqueo
428 2731 627 2826 intercepti.
649 2729 820 2826 Itemque
837 2723 926 2799 alibi
942 2725 1000 2826 (a)
1013 2752 1100 2800 cum

97 2858 342 2915 memorasset
368 2869 515 2932 nervos,
539 2849 605 2941 qui
623 2844 852 2916 carotidibus
869 2851 1016 2917 arteriis
1031 2873 1102 2917 an.-

100 2963 192 3028 neat
215 2973 329 3058 atque
350 2955 528 3031 associati
542 2975 644 3046 sunt,
670 2985 715 3032 ex
731 2983 940 3056 eorumque
965 2985 1101 3033 nervo.-

96 3099 204 3164 rum,
233 3101 312 3148 non
336 3102 382 3150 ex
400 3077 640 3164 arteriarum,
669 3075 938 3147 constrictione
959 3090 1101 3150 mutum

97 3198 226 3264 statim
242 3195 344 3291 effici
355 3193 516 3283 anznzal,
537 3193 799 3292 experimentis
817 3191 935 3264 fretus
947 3245 961 3281 ,
972 3190 1101 3264 admo·

98 3315 260 3403 unisset,
287 3312 451 3412 denique
474 3311 552 3384 haec
569 3312 715 3411 scripsit
734 3339 743 3382 ε
763 3311 938 3410 Plerique
952 3337 1043 3384 vero
1064 3329 1102 3386 et

99 3429 235 3502 medici
240 3442 277 3499 et
278 3429 502 3529 philosophi
514 3453 681 3502 unacum
691 3434 837 3502 arteriis
847 3452 977 3502 nervos
987 3435 1100 3502 etiam

98 3546 257 3619 vinculis
281 3546 602 3643 constringebant,
627 3560 741 3644 atque
764 3544 850 3616 inde
870 3569 953 3617 curn
968 3570 1100 3618 vocem

99 3663 199 3736 illico
210 3661 402 3736 concidere
417 3661 575 3742 animali
588 3661 775 3754 viderent,
795 3667 941 3735 arteriis
960 3662 1100 3735 adscri-

138 3949 184 4026 (1)
203 3953 248 4007 De
264 3951 320 4006 loc.
337 3950 388 4010 ass.
402 3953 422 4006 l.
444 3967 476 4019 1,
491 3969 515 4006 e.
530 3947 559 4006 6.
590 3999 595 4009 ,
727 3999 730 4004 ,

139 4047 184 4125 (a)
204 4037 251 4106 De
259 4049 401 4126 Hippocr.
414 4061 446 4108 et
453 4049 527 4108 slat.
543 4048 623 4106 decr.
639 4047 661 4104 1.
676 4062 692 4103 a
701 4085 711 4117 ,
723 4063 750 4101 c.
762 4043 796 4100 6.
