2842 4672
310 431 358 524 ⁸4
478 457 526 504 nr
551 453 697 504 sumans
714 451 765 502 ’rr
783 447 914 503 'crusis
939 449 1148 504 nonnosum

235 587 238 594 '
311 571 404 658 cies,
425 569 464 640 in
489 559 564 641 alio
582 569 711 658 aliam;
730 566 946 642 discrimina
966 585 1092 641 autem
1114 583 1243 642 caetera
1266 569 1307 637 in

309 687 399 760 alias
416 711 562 778 causas,
577 702 620 758 ut
631 689 779 786 soporis
798 687 838 757 in
852 686 1035 782 majorem
1046 711 1150 786 aquae
1159 685 1305 785 copiam

306 805 348 876 in
362 805 512 902 juvenis
522 803 733 875 ventriculo
747 817 931 902 utroque,
945 827 1040 902 pure
1059 804 1171 874 etiam
1182 827 1203 874 a
1216 803 1304 874 dex·

306 922 374 996 tris
408 921 590 1009 admisto,
616 936 658 992 ut
677 921 845 993 ‘vicissim
872 918 1061 992 surditatis
1090 920 1130 990 in
1166 921 1302 991 cariem

306 1065 390 1142 quae
402 1037 553 1111 auditus
565 1039 713 1110 interna
730 1038 919 1135 organain
929 1057 1048 1136 puero
1058 1037 1220 1110 vitiasset
1233 1062 1306 1108 ma·

247 1249 249 1252 Ι
305 1159 379 1257 gis,
402 1169 446 1226 ut
468 1153 756 1226 convuisionum
777 1155 906 1242 etiam,
928 1154 967 1223 in
990 1154 1116 1226 lasum
1137 1153 1316 1250 ejusdem

301 1295 482 1360 nervum,
497 1287 539 1343 ut
555 1270 751 1370 pulsuum,
762 1272 977 1368 viriumque
994 1271 1139 1370 lapsum
1149 1271 1304 1354 inlabe-

304 1388 483 1464 factatum
498 1413 651 1488 quoque
673 1386 841 1484 ejusdem
864 1386 1091 1460 cerebellum
1109 1415 1117 1458 ε
1135 1412 1303 1460 commu·

303 1510 368 1582 nia
381 1520 507 1578 autern
519 1506 670 1611 utrique
679 1503 920 1577 incommoda
930 1505 969 1574 in
981 1529 1202 1579 communes
1213 1491 1307 1578 utri·¹

304 1632 380 1727 q'ue
399 1625 582 1712 laesiones,
603 1637 645 1694 ut
663 1623 935 1720 inexpectatam
952 1621 1203 1695 accessionem
1225 1649 1303 1697 ma-

301 1743 431 1818 lorum
454 1741 548 1814 adeo
576 1741 744 1840 gravium
763 1740 803 1810 in
822 1740 1057 1839 repentinam
1082 1742 1302 1840 meningum

300 1861 351 1937 ab
370 1858 489 1936 affuso
503 1884 597 1960 pure
612 1859 878 1949 irritationem,
895 1873 938 1930 nt
955 1858 1129 1930 delirium
1145 1859 1185 1930 in
1201 1858 1300 1932 hanc

298 1980 437 2081 ipsam,
451 2003 534 2078 quae
549 1978 768 2077 sanguinem
785 1977 825 2047 in
837 1977 932 2050 vasis
942 1992 1172 2065 moraretur,
1187 2001 1301 2076 prop·

299 2111 404 2172 terea
412 2095 668 2195 turgentibus,
685 2108 728 2166 ut
747 2108 907 2166 mortem
925 2093 1090 2191 denique
1103 2094 1143 2164 in
1156 2119 1301 2166 earum·

301 2215 389 2288 dem
405 2215 644 2311 meningum,
662 2227 698 2285 et
711 2209 901 2316 cerebelli,
917 2225 981 2281 aut
995 2210 1140 2283 cerebri
1157 2214 1300 2286 exesio·

300 2357 402 2406 nem.
435 2329 507 2403 Sed
534 2327 630 2401 illud
657 2329 816 2399 maxime
837 2329 988 2427 utrique
1007 2352 1209 2402 commune
1231 2327 1300 2404 fuit

298 2461 458 2550 propter
471 2445 575 2544 quod
587 2445 655 2518 has
664 2444 733 2516 tibi
748 2446 913 2543 geminas
925 2445 1104 2544 descripsi
1113 2446 1298 2542 historias,

299 2581 345 2638 ut
364 2589 434 2662 per
454 2564 591 2636 cariem
605 2563 664 2636 via
680 2563 779 2634 inter
791 2587 900 2636 aures
918 2588 1013 2662 pure
1033 2579 1243 2656 manantes,
1264 2581 1300 2638 et
1394 2593 1395 2654 ᾗ

298 2682 419 2756 cranii
433 2704 565 2754 cavum
578 2693 741 2778 pateret,
760 2705 830 2754 nec
849 2683 1049 2779 quisquam
1067 2697 1297 2756 tamencum
1394 2673 1395 2695 ¹

297 2799 398 2872 intra
410 2797 487 2870 hoc.
495 2821 567 2896 pus
578 2799 813 2895 conspiceret
829 2798 996 2895 ejusdem
1010 2815 1166 2890 naturae,
1184 2801 1298 2902 suspi-

297 2916 375 2990 cari
392 2929 539 3014 posset,
554 2913 656 2986 illam
674 2915 771 2986 viam
791 2917 880 3015 puri
899 2913 1011 2989 fuisse
1030 2942 1051 2988 a
1068 2910 1186 2990 cranii
1205 2944 1295 2991 cavo
1393 2901 1394 2912 ἵ

296 3032 345 3108 ad
362 3017 492 3106 adrem
510 3058 518 3102 :
539 3031 605 3105 sed
624 3048 927 3132 omneslcontra,
952 3058 1085 3107 eorum
1107 3060 1189 3134 quae
1205 3061 1297 3136 prae·

295 3166 503 3240 cesserant,
528 3149 700 3222 ordinem
722 3149 975 3241 attendentes,
1002 3148 1114 3226 fuisse
1135 3152 1182 3225 ab
1204 3178 1296 3226 aure

293 3269 342 3344 ad
353 3270 471 3342 cranii
483 3291 633 3356 cavum,
647 3265 860 3338 faterentur.
875 3271 970 3339 Cum
984 3285 1109 3342 autem
1124 3269 1295 3345 manifes·
1392 3349 1393 3352 ,

293 3399 377 3460 tum
394 3388 461 3473 sit,
489 3384 610 3482 multo
628 3383 757 3457 aurem
778 3363 917 3456 diutius
937 3411 1051 3484 quam
1073 3387 1293 3480 cerebrum,

294 3519 333 3577 et
347 3503 500 3601 gignere
512 3525 601 3600 pus,
615 3515 652 3572 et
672 3501 751 3572 sine
762 3501 844 3573 vitae
860 3502 1086 3576 detrimento
1097 3503 1194 3578 ferre
1209 3485 1295 3606 pos·
1391 3537 1392 3544 ¹

293 3643 351 3710 se;
370 3613 610 3692 manifestum
626 3642 780 3716 quoque
795 3632 864 3708 est,
881 3619 974 3717 quid
992 3622 1117 3718 potius
1136 3623 1176 3692 in
1196 3622 1296 3719 ejus-
1391 3643 1392 3652 ¹

293 3736 487 3816 demmodi
509 3759 606 3840 quos
624 3734 732 3808 initio
750 3734 805 3832 (1)
820 3737 1110 3810 memoravimus
1121 3738 1297 3827 ,casibus

331 3917 376 4074 o
395 3993 432 4053 ι·
446 4007 474 4052 2·
