2832 4662
207 525 275 571 ur.
302 521 342 568 11.
372 519 417 567 nr
443 515 578 568 nosris
603 517 798 581 rnouffls,
823 519 934 567 rrrsr.
960 522 1032 568 xix.
1063 499 1128 572 531

133 637 252 710 disse:
267 631 372 732 quod
389 631 535 704 nonita
553 630 693 702 mirum
712 631 831 703 videri
850 631 980 723 debet,
1000 636 1030 706 si
1048 659 1135 708 cum

134 754 286 840 laudato
303 749 524 846 auctore(1)
542 747 865 838 animadverteris,
882 774 1004 824 aerem
1017 755 1057 823 in
1075 779 1137 825 cu·

0 929 2 934 ⁴
66 877 68 882 ’
133 875 272 970 jusque
290 865 401 942 foetus
416 867 633 979 pulmones,
652 869 942 966 paucissimum,
956 885 993 942 et
1006 872 1138 944 leniae

139 988 257 1060 debili
273 989 430 1059 omnino
449 999 588 1060 conatu
608 1009 629 1056 a
648 984 758 1056 nobis
776 986 1000 1077 immissum,
1020 989 1139 1087 impa-

139 1131 221 1178 rem
239 1129 338 1192 esse,
358 1117 397 1176 ut
411 1103 668 1201 experimento
682 1125 776 1201 saepe
796 1106 999 1202 comperit,
1018 1121 1140 1179 totve·

139 1223 264 1296 siculis
278 1218 551 1320 expendendis,
566 1233 661 1318 quot
674 1221 831 1292 omnino
844 1219 995 1310 debeat,
1008 1223 1142 1322 utpul·

139 1363 274 1416 mones
290 1339 330 1412 in
349 1362 446 1434 aqua
465 1349 605 1408 natent.
630 1337 719 1426 Quae
734 1363 821 1408 cum
840 1320 891 1410 ita
913 1340 1004 1429 sint,
1024 1343 1143 1440 prius-

139 1481 255 1556 quam
269 1480 315 1526 ex
324 1454 463 1526 horum
476 1452 706 1526 subsidentia
719 1477 938 1550 arguamus,
950 1473 1143 1532 mortuum

139 1572 323 1645 infantem
342 1569 484 1644 editum
498 1593 577 1642 esse
591 1623 602 1658 ,
618 1567 756 1641 indicia
773 1593 915 1667 magnae
929 1574 1009 1667 ejus
1023 1575 1144 1647 imbe-

139 1689 305 1764 cillitatis
316 1709 524 1787 quaeremus
540 1709 586 1756 ex
600 1687 728 1758 matris
737 1689 966 1786 praegressis,
980 1703 1042 1760 aui
1050 1714 1144 1786 prae·

137 1807 313 1883 sentibus
329 1805 441 1879 etiam
457 1818 538 1875 tum
555 1801 718 1892 morbis,
735 1828 781 1876 ex
800 1802 1146 1903 partus‘difficulta-

140 1939 201 2012 te,
235 1950 281 1997 ex
311 1921 500 1996 cadaveris
529 1921 646 2019 ipsius
674 1918 827 1994 infantis
858 1923 1146 2012 constitutione,

142 2041 303 2138 aliisque
317 2037 590 2135 ejusdemmodi
606 2063 615 2109 z
632 2061 798 2135 quorum
811 2038 842 2112 si
857 2039 960 2111 nulla
973 2041 1067 2128 sint,
1081 2065 1147 2114 ne·

144 2181 221 2254 que
238 2154 340 2230 aliud
358 2153 503 2243 obstet3
522 2155 616 2253 quin
642 2169 815 2228 mortuus
838 2157 994 2228 emissus
1016 2153 1148 2250 suerit,

144 2297 227 2344 non
252 2268 519 2345 dubitabimus.
540 2270 613 2344 Sed
631 2285 763 2344 eontra
783 2273 937 2346 evidens
960 2275 1050 2362 erit,
1069 2300 1156 2346 non-

146 2414 258 2490 posse
276 2412 347 2461 nos
369 2385 486 2470 fidere
506 2389 612 2486 signo
629 2391 848 2488 proposito,
867 2390 1052 2489 siquando
1074 2391 1151 2491 pul·
1179 2403 1182 2408 “

147 2530 281 2598 mones
305 2529 383 2578 non
409 2505 471 2576 illa
499 2507 678 2596 naturali,
701 2521 739 2579 et
758 2505 867 2580 foetus
887 2510 1059 2607 propria,
1085 2508 1151 2582 sed

147 2621 325 2696 morbosa
340 2623 516 2720 gravitate
527 2623 702 2721 praeditos
715 2624 1073 2714 animadvertemus;
1090 2626 1152 2698 vel

147 2739 254 2839 quod·
278 2738 477 2828 skirrhosi,
493 2740 553 2811 vel
574 2740 680 2837 quod
700 2739 938 2830 inflammati,
960 2743 1020 2816 vel
1045 2742 1151 2840 quod

146 2855 310 2928 infarctu
323 2845 565 2952 quocumque
583 2857 656 2927 alio
674 2882 792 2953 usque
811 2857 905 2928 adeo
921 2855 1043 2929 affecti
1058 2861 1150 2947 sint,

148 2989 195 3048 ut
213 2972 272 3046 vel
292 2972 323 3044 si
341 2970 460 3044 adulti
483 2970 650 3045 hominis
666 2987 805 3060 essent,
827 2997 906 3052 non
924 2989 1078 3071 possent
1095 2989 1152 3048 ta-

150 3115 245 3163 men
259 3091 299 3161 in
314 3113 458 3162 summa
474 3113 572 3186 aqua
588 3091 816 3180 consistere,
833 3089 939 3187 quod
958 3090 1152 3188 plerique,

151 3221 193 3280 et
208 3229 279 3280 nos
294 3229 449 3304 quoque
467 3205 659 3279 interdurn
676 3207 819 3305 experti
839 3228 976 3278 sumus.
998 3207 1092 3278 Nam
1117 3219 1171 3284 ee

78 3408 84 3413 .
150 3327 195 3397 in
208 3322 360 3398 foetibus
373 3319 554 3398 infarctus
569 3324 753 3420 ejusmodi
766 3323 913 3421 aliquos
932 3347 1010 3396 esse
1022 3346 1155 3422 posse,

153 3465 244 3514 cum
263 3435 358 3513 ra'tio
374 3442 533 3532 iudicat,
550 3458 631 3516 turn
647 3441 858 3516 observatio
875 3442 1095 3534 confirmat;
1112 3457 1157 3519 ut

153 3557 258 3658 apud
275 3557 457 3636 Zellerum
470 3558 525 3655 (α’)
541 3559 604 3632 illa
620 3559 658 3633 in
678 3559 794 3632 vitulo
815 3557 961 3645 habita,
978 3563 1045 3658 qui
1063 3585 1158 3632 vrxe·

154 3689 218 3748 rat
239 3674 285 3747 ad
303 3674 501 3782 dimidium
512 3676 624 3748 horae.
634 3677 747 3768 Quod
761 3677 793 3750 si
805 3679 885 3776 ipsa
902 3675 1067 3776 denique
1081 3673 1158 3748 suf·

202 3956 246 4035 (ι)
265 3959 388 4018 Dissert.
401 3961 438 4018 de
449 3961 509 4018 fall.
521 3961 614 4035 puim.
629 3960 733 4020 iniunt.
745 3979 845 4037 expet.
860 3979 889 4016 n.
907 3959 954 4016 16.
1023 4009 1026 4016 i

202 4055 247 4133 (²)
268 4058 383 4134 Durat·
397 4061 585 4136 quodsum.
597 4058 703 4128 inunt.
715 4061 804 4140 naq.
818 4056 1047 4119 euru-unt.

926 4153 990 4240 34*
1078 4217 1080 4221 ,
