2820 4662
176 430 246 480 nn.
272 427 313 482 tt.
341 429 388 478 nn
413 427 548 478 nonnis
573 427 764 478 rnonscrs.
792 382 1005 484 nmsrfxrx.
1034 419 1106 513 449

112 542 297 616 flammata
314 541 561 615 videbantur:
574 544 703 614 tunica
720 557 881 642 utraque
893 549 1012 622 retina
1029 553 1118 627 san-'¹

111 661 248 760 guineo
265 675 344 734 erat
356 659 488 732 colore
512 647 662 731 suffusa.
690 659 851 732 Alterius
875 665 975 736 auris
993 691 1110 738 mem-

111 777 229 848 brana
246 777 415 874 tympani
442 799 528 847 cum
559 777 713 848 annexis
736 779 905 852 ossiculis
931 787 1111 883 san'guine

111 894 410 984 tinam-alterius
427 908 648 990 tympanum
665 894 788 992 ipsum
805 895 924 970 levius
937 901 1090 997 quidem
1100 931 1119 993 ,-

113 1011 177 1086 sed
193 1027 321 1084 tamen
336 1011 446 1083 solito
460 1011 824 1108 majorem-ostendit
841 1015 1076 1092 rubedinem.

158 1155 197 1228 9.
218 1127 331 1220 Quod
350 1130 395 1200 in
415 1128 595 1226 pulmone
614 1130 762 1226 gravius
788 1146 867 1203 erat
884 1109 1035 1226 vitium,
1054 1137 1114 1230 id,

110 1247 249 1348 procul
267 1244 400 1335 dubio,
420 1271 498 1318 non
518 1245 568 1316 ab
584 1247 727 1319 recenti
751 1248 956 1347 supplicio,
982 1256 1047 1327 sed
1066 1257 1114 1331 ab

109 1363 327 1462 antiquiore
344 1387 453 1436 causa
471 1363 594 1460 aliqua
610 1365 874 1460 repetendum,
891 1371 1038 1446 videtur
1049 1371 1119 1447 h02

108 1488 255 1560 minem
270 1482 398 1558 fecisse
412 1484 620 1556 obnoxium
632 1486 890 1583 respirationis
902 1487 1116 1566 difficultati

98 1599 148 1676 ¹et
170 1605 260 1676 tussi
282 1603 464 1690 molestae,
490 1602 694 1698 praesertim
721 1607 808 1672 cum
830 1607 999 1699 sanguis,
1018 1606 1118 1678 inter

106 1721 385 1794 ambulandum
405 1720 633 1807 concitatus,
660 1715 707 1790 ad
729 1717 947 1820 impeditam
971 1721 1118 1795 viarum

106 1863 265 1912 suarum
284 1854 428 1938 partem
458 1839 497 1912 in
521 1861 566 1908 eo
589 1837 731 1908 viscere
758 1835 1018 1936 perveniebat,
1049 1862 1118 1935 per

108 1957 219 2056 quod
246 1957 380 2053 majori
395 1970 475 2027 tum
495 1955 619 2053 copie,
648 1967 691 2070 etx
702 1953 899 2026 velocitate
919 1967 999 2026 erat
1015 1969 1119 2028 tra'n-

109 2074 322 2160 seundum,
342 2073 530 2170 simulque
542 2072 582 2142 in
593 2068 790 2169 ,proximas
807 2073 885 2142 vias
901 2073 996 2144 aeris
1011 2098 1056 2144 ex
1069 2075 1120 2144 vi·

103 2192 202 2264 tiata
223 2190 286 2262 illa
302 2190 341 2261 in
359 2213 472 2288 quam
492 2186 725 2277 incursabat,
745 2187 831 2259 sede
851 2187 993 2285 aliquid
1012 2185 1121 2263 facilc

104 2305 369 2404 exprimebat,
385 2305 489 2404 quod
506 2304 833 2378 irritandotussim
847 2320 1026 2398 moueret.
1049 2311 1120 2378 Va·
1177 2342 1181 2349 ·

107 2422 192 2495 rias
211 2437 335 2494 autem
356 2424 456 2509 illas,
470 2421 607 2519 quibus
622 2421 823 2518 pulmones
836 2421 1121 2521 distinguebam

110 2553 203 2628 tur,
219 2539 502 2636 maculas-quasi
518 2540 745 2637 nigricantes
761 2541 830 2610 etsi
842 2538 889 2610 ad
910 2538 1126 2614 suffocatio«

109 2681 206 2732 nem
227 2653 358 2732 referri
373 2681 481 2756 posse
498 2683 577 2729 non
597 2656 831 2757 negaverim
847 2672 973 2729 tamen
995 2685 1122 2759 neque

109 2773 192 2846 boc
207 2797 278 2874 pro
292 2787 395 2847 certo
409 2772 612 2862 affirmem,
630 2787 666 2844 et
682 2774 722 2844 iu
739 2771 830 2862 h'ac,
850 2790 887 2846 et
906 2777 1122 2875 praeceden-

110 2888 559 2966 tibusobservationibus
575 2913 653 2958 non
670 2913 712 2960 ea
728 2889 840 2984 piane
857 2893 1025 2978 invenio,
1041 2918 1124 2990 quac

108 3007 156 3081 in
172 3005 342 3092 duobus,
354 3003 488 3078 codem
499 3005 683 3102 supplicio
699 3006 855 3093 necatis,
869 3005 1123 3104 deprehendit

110 3122 380 3212 Bartholinus,
398 3137 440 3195 ut
452 3124 492 3194 in
505 3127 538 3194 Il
553 3122 623 3193 bac
635 3121 871 3220 Sepulcbreti
885 3126 1049 3198 sectione
1065 3129 1122 3224 (1)

110 3245 231 3342 leges.
240 3242 343 3315 Vidit
357 3243 456 3315 enim
473 3243 512 3312 in
520 3232 646 3314 altero
652 3239 852 3338 pulmones
861 3240 1039 3340 grandes,
1051 3266 1123 3316 nec

111 3361 243 3438 solum
270 3367 508 3458 variegatos,
543 3358 738 3444 caeruleos,
768 3359 903 3430 rubore
934 3345 1121 3462 insperso,

113 3484 320 3552 marmoris
337 3484 469 3564 instar,
488 3501 565 3576 quo
578 3473 661 3550 ilias
676 3483 870 3575 possemus
883 3473 1024 3550 referre
1043 3505 1123 3550 ma-

114 3595 245 3685 cuias3
265 3594 389 3669 sedet
409 3600 590 3692 sanguine
607 3618 782 3694 spumoso
802 3609 880 3666 tam
895 3595 1052 3694 plenos,
1082 3609 1127 3668 ut

119 3810 1125 3839 W

158 3968 206 4048 (ι)
225 3969 300 4030 otu.
313 3971 351 4030 23
364 3979 455 4042 etat.
498 3983 501 3988 ·

199 4095 233 4145 2.
