2812 4660
199 399 269 446 tm.
293 400 333 446 11.
362 400 409 448 us
435 397 571 446 uoams
597 397 794 462 ruoaacm,
820 399 932 446 misr.
960 399 1048 449 xvu.
1077 378 1151 478 327

141 532 309 604 auricula
325 534 492 619 sinistra,
511 547 549 604 et
569 505 719 603 sinister
728 532 962 605 ventriculus
978 559 1050 606 nec
1063 537 1151 610 satis

140 663 248 720 erant
264 650 463 748 explicata,
476 674 547 722 nec
563 651 649 722 satis
665 649 799 737 valida,
810 663 849 720 et
859 647 1057 726 deficiente
1068 654 1149 749 jus-

140 781 178 837 to
196 769 388 864 sanguinis
412 768 459 840 ad
482 767 700 854 cerebrum,
720 791 937 864 omnesque
948 785 1072 865 partes
1092 772 1148 840 in-

138 883 245 956 fluxu
261 901 298 957 et
312 887 483 984 appulsu,
496 887 633 957 virium
648 910 817 958 summus
830 886 1007 984 languor,
1025 898 1061 958 et
1079 912 1147 958 an·-

136 1000 225 1074 hela
259 1005 454 1100 respiratio
489 1003 848 1101 consequebantur,
883 1002 1037 1102 haecque
1064 1029 1148 1078 eam

137 1121 250 1191 etiam
265 1119 315 1191 ob
331 1145 480 1193 causam
500 1121 605 1219 quod
621 1121 667 1192 ab
687 1121 774 1194 exili
792 1120 987 1195 subeuntis
1002 1123 1151 1220 sangui-

135 1237 195 1308 nis
205 1240 381 1334 portione
389 1240 624 1337 amplum3et
632 1238 785 1311 firmum
796 1263 872 1328 vas,
882 1239 1058 1336 qualeest
1065 1241 1147 1340 pul-

134 1353 304 1427 moneris
313 1359 448 1432 arteria
456 1373 498 1429 ut
506 1359 633 1454 urgeri
646 1360 743 1444 satis,
754 1357 941 1429 etdilatari
951 1384 1028 1428 non
1038 1371 1145 1456 pote·

133 1487 205 1558 rat,
219 1473 271 1543 sic
291 1457 415 1571 neque
426 1489 469 1546 se'
475 1490 623 1572 poterat
630 1475 799 1547 valenter
807 1475 1016 1564 restituere,
1025 1475 1144 1546 illam·

132 1605 344 1688 que‚utpar
352 1609 491 1690 est,per
499 1594 720 1690 pulmonem
728 1591 1145 1692 promovereQuodau·

132 1723 211 1778 tem
225 1710 265 1780 in
286 1709 355 1782 hac
365 1713 514 1808 ‘virgine
524 1711 674 1797 sensim,
683 1711 989 1806 ‘etaprimordiis
997 1735 1082 1781 cum
1092 1710 1143 1782 la·
1249 1740 1254 1751 ·

131 1829 239 1897 xiora
251 1827 374 1900 adhuc
384 1843 491 1900 crant
500 1827 640 1917 omnia,
651 1825 735 1899 fieri
743 1842 907 1926 coeptum
918 1841 1014 1915 erat,
1028 1824 1142 1917 idem,

132 1961 248 2042 atque
264 1945 358 2018 adeo
376 1946 462 2046 plus
479 1944 599 2017 multo
614 1944 661 2016 ab
677 1970 758 2017 non
772 1945 960 2034 dissimili,
975 1943 1040 2016 sed
1052 1943 1143 2015 alibi

132 2065 281 2160 positu,
308 2063 583 2162 impedimento
607 2060 747 2135 factum
769 2061 914 2134 videbis
936 2063 1035 2132 intra
1061 2085 1143 2158 per·
1192 2095 1193 2098 ¹

131 2206 276 2280 paucos
302 2206 449 2254 menses
479 2183 518 2252 in
548 2181 646 2270 viro,
674 2182 826 2280 triginta
847 2180 996 2250 circiter
1020 2203 1141 2251 annes

131 2315 243 2388 nato,
266 2301 374 2396 cujus
399 2299 594 2372 historiam
615 2297 793 2372 describit
817 2297 1087 2392 Vieusseuius(
1113 2294 1139 2392 ).

129 2421 227 2490 Nam
243 2417 453 2490 mitralibus
470 2418 647 2507 valvulis,
670 2417 785 2490 osseis
807 2412 926 2504 factis,
952 2411 1140 2487 orificium

129 2536 239 2607 valde
252 2535 575 2625 imminuentibus,
586 2559 654 2634 per
666 2531 772 2635 quod
782 2533 932 2632 sanguis
947 2532 1151 2604 sinistrum·

128 2653 209 2726 adit
226 2655 491 2743 ventriculum,
504 2653 617 2748 hujus
636 2653 931 2750 tumoapacitas‚
948 2664 1031 2721 tum
1042 2663 1151 2722 cras-⁸

130 2772 259 2844 situdo
279 2773 485 2872 parietum,
505 2771 609 2869 quod
629 2769 749 2871 figura
771 2798 791 2842 a
813 2768 887 2843 tab.
906 2769 963 2843 13.
987 2793 1142 2869 compa·

130 2904 212 2961 rata
228 2915 316 2961 cum
334 2890 396 2988 fig.
417 2918 448 2962 a.
461 2889 535 2960 tab.
559 2915 597 2962 11
618 2891 704 2962 satis
714 2884 1059 2974 ostendit‚fuerant
1071 2888 1141 2956 im-

132 3011 307 3099 minutae3
333 3024 463 3083 contra
484 3023 611 3080 autem
630 3007 747 3078 ambae
771 3006 943 3116 auriculae
962 3029 1050 3076 cum
1073 3004 1140 3076 ad-

129 3127 273 3222 junctis
286 3127 446 3216 truncis,
469 3128 521 3198 sic
534 3128 635 3198 enim
647 3121 1022 3221 vocat,lpulmonaris
1037 3145 1140 3194 vena

135 3253 178 3314 et'
191 3267 366 3314 cavarum
386 3242 501 3341 (quos
521 3244 690 3316 Valsalva
708 3266 787 3312 uno
797 3239 1055 3310 auricularum
1071 3264 1141 3310 no·

134 3362 238 3434 mine
256 3359 565 3460 comprehendit)
585 3375 621 3432 et
635 3359 868 3459 pulmonaris
880 3357 1022 3426 arteriae
1035 3373 1152 3429 trun-¹

138 3503 222 3567 cm,
243 3495 278 3551 et
294 3478 525 3550 ventriculus
538 3477 668 3550 dexter
683 3477 846 3548 multum
862 3490 973 3546 erant
980 3474 1143 3564 dilatata,

138 3597 385 3694 ejusdemque
402 3595 603 3668 ventriculi
625 3595 828 3681 columnae,
845 3609 882 3666 et
897 3593 1027 3666 lacerti
1047 3617 1146 3664 cras«

146 3833 396 3846 m

180 3970 225 4048 (1)
247 3971 348 4030 Traite
360 3973 401 4030 du
414 3991 512 4046 coeur,
528 3975 573 4031 ch.
593 3973 638 4031 16.
