2750 4658
154 419 226 466 Lm.
254 409 295 464 11.
315 417 369 463 ur
395 414 531 464 uonrrs
556 415 749 490 ruonncu,
774 416 886 464 nmsr.
912 417 986 465 rvr.
1015 395 1085 468 233

74 555 194 621 rum,
231 532 262 604 si
294 529 423 627 lingua
459 543 496 600 et
522 553 628 601 mens
652 527 779 600 liberae
804 529 851 602 ad
877 546 1087 606 extremum

74 649 256 738 luerunt,
273 663 310 720 et
336 647 365 719 si
392 671 495 718 mors
514 647 623 719 citius
641 647 811 736 advenit,
830 674 943 746 quam
960 652 1000 722 in
1017 652 1088 750 hy·

75 768 203 866 drope
228 766 361 854 soleat,
378 779 428 836 vet
452 765 655 837 assidentes
678 782 944 870 expectarent:
969 794 1088 867 quan-

77 909 201 984 quam
222 883 417 982 bydropes
445 908 495 954 ear
520 889 638 986 acutis
655 885 795 953 morbis
822 887 964 974 oborti,
989 903 1030 958 ut
1049 889 1089 960 in

74 999 691 1097 Proenotionibus(-1)habemus,
722 1026 848 1072 omnes
873 1001 967 1074 mali
990 1021 1085 1076 sunt.

78 1127 219 1219 Neque
242 1125 338 1190 enim
356 1144 381 1190 a
387 1117 503 1210 febre
523 1116 703 1206 liberant,
725 1135 762 1190 et
784 1120 900 1192 valde
920 1121 1096 1202 dolorosi,

76 1253 185 1326 sunt,
213 1262 259 1308 ac
281 1234 446 1308 lethales,
476 1234 588 1325 Quod
611 1261 701 1310 vero
725 1240 986 1311 concretiones
1005 1241 1086 1312 illas

77 1355 116 1425 in
137 1378 227 1426 sero
246 1349 365 1426 effuso
387 1353 557 1426 Valsalva
584 1353 768 1436 albumini
787 1355 1015 1443 assimilavit,
1039 1355 1086 1427 de

79 1472 138 1542 ovi
154 1469 353 1556 alliumine
370 1469 633 1567 accipiendum
651 1472 757 1542 estin
773 1471 894 1544 ‘calida
911 1472 1086 1560 densat0,

79 1587 407 1686 quenadmodum
426 1587 466 1658 in
486 1587 556 1658 alia
571 1587 736 1661 declarat
746 1587 1032 1687 observatione(
1058 1590 1084 1687 )

98 1783 102 1797 ,
124 1708 337 1780 Novissime
356 1705 462 1803 quod
483 1704 529 1776 ad
551 1705 751 1802 pericardii
767 1704 981 1803 hydropem
1002 1711 1086 1781 atti·

80 1841 162 1916 net,
176 1827 218 1897 in
235 1822 431 1896 nonnullis
446 1847 600 1920 quoque
612 1820 777 1894 historiis
792 1845 905 1920 supra
921 1848 1085 1898 comme-

81 1958 293 2033 moratum,
315 1965 483 2014 seorsum
499 1964 588 2011 mox
604 1938 815 2012 videbimus
828 1993 838 2028 ,
851 1939 918 2010 ubi
934 1941 1085 2016 alterius

83 2062 237 2159 virginis
273 2058 449 2144 morbum
484 2073 521 2131 et
552 2051 815 2132 dissentionem
837 2063 1085 2157 proposueri-

83 2202 173 2252 mus.

133 2339 188 2410 19.
205 2313 323 2410 Virgo
340 2335 459 2396 annos
474 2325 561 2384 nata
578 2311 727 2382 circiter
743 2311 875 2408 viginti
884 2309 1100 2397 duos,nou·

85 2432 152 2504 nisi
172 2445 303 2502 erecta
318 2420 461 2502 cervice
479 2431 620 2528 spirare
640 2442 783 2527 potest,
806 2429 969 2500 multum
987 2429 1085 2518 sitit,
1102 2464 1105 2469 ·

86 2562 119 2619 et
132 2549 265 2636 tussit,
285 2561 514 2646 sputumque
525 2547 625 2643 ejicit
639 2546 746 2644 quasi
758 2547 1002 2645 purulentum
1014 2601 1023 2635 ,
1035 2548 1087 2619 in·
1168 2589 1170 2592 ·

85 2666 233 2736 terdum
249 2679 286 2736 et
303 2665 483 2762 sanguine
502 2665 681 2753 tinctum,
700 2657 901 2753 febricitat,
917 2661 1009 2738 facie
1026 2667 1085 2736 in-

85 2783 277 2871 tumescit,
295 2780 448 2854 tandem
466 2782 642 2852 moritur.
699 2813 701 2818 ’

129 2919 176 2986 In
191 2929 322 2986 ventre
337 2917 441 3011 aquae
459 2913 561 2984 librae
583 2912 727 3010 aliquot
743 2912 985 3012 stagnabant3
1005 2917 1085 3012 ejus

86 3047 209 3106 tamen
224 3034 365 3104 viscera
378 3030 505 3102 omnia
524 3031 645 3102 illaesa.
656 3029 835 3102 Thoracis
852 3054 986 3103 cavum
999 3031 1084 3105 dex'-

87 3164 206 3221 terum
226 3151 381 3252 plenum
410 3161 490 3220 erat
512 3171 596 3220 sero
613 3174 621 3218 :
646 3148 751 3243 cujus
774 3149 899 3218 minor
919 3149 1026 3245 copia
1043 3150 1081 3263 in

89 3267 234 3341 sinistro
256 3265 336 3339 fuit.
364 3266 592 3340 Pulmonum
621 3263 827 3337 substantia
852 3265 995 3337 nullam
1022 3291 1082 3339 os·

88 3384 204 3456 tendit
219 3384 430 3456 laesionem:
450 3382 676 3481 quibusdam
691 3381 815 3454 solum
830 3383 871 3453 in
883 3381 975 3456 locis
990 3410 1083 3456 non-

88 3500 179 3574 nihil
197 3500 432 3591 rubebat3'in
458 3500 539 3574 aliis
564 3498 722 3573 albebat.
748 3499 1001 3572 Pericardium
1026 3517 1082 3573 to-

84 3708 1079 3737 *mn—*numu*-

124 3855 166 3934 (t)
185 3859 223 3914 Ν.
237 3858 267 3916 8.

124 3954 166 4035 (a)
186 3959 280 4035 Epist.
295 3977 347 4034 ro,
365 3979 395 4016 n.
408 3958 457 4018 36.
