2648 4508
202 346 269 436 542
367 369 414 415 nr
441 364 586 414 sautans
611 367 655 413 ur
682 363 805 412 causrs
830 363 1041 413 uoanoautu

200 501 323 558 tratas.
341 486 396 554 Ne
418 506 550 581 grave,
572 481 747 568 obsecro,
772 481 818 552 sit
835 480 905 551 tibi
925 482 955 552 si
974 482 1091 581 paulo
1120 493 1216 584 pro-'

202 605 311 676 lixius
334 626 414 672 rem
435 600 714 686 examinaver03
735 611 840 669 tanto
869 600 970 670 enim
992 600 1215 700 diligentius

116 757 120 763 ¹
202 723 414 797 faciendum
437 722 509 794 hoc
530 737 605 811 est,
621 735 760 820 quanto
775 721 860 818 plus
878 723 1093 794 auctoritati
1113 737 1213 794 uter·

204 867 279 940 que
298 840 501 911 tribuimus
516 839 671 911 illustris
700 838 780 909 viri.
809 841 953 938 Carpus
974 839 1137 927 dixerat,
1156 842 1213 911 in·

206 959 287 1058 quit
303 960 354 1046 is,
373 983 486 1056 super
500 955 695 1052 glottidem
714 980 863 1028 carnem
874 955 1143 1054 glandulosam
1157 984 1214 1030 se·

207 1075 294 1148 dere
312 1102 353 1172 p.
379 1077 600 1146 CCCXCIII.
628 1072 846 1145 Addiderat
869 1074 1212 1164 Sebelbammerus,

207 1195 451 1264 substantiam
474 1189 743 1287 glandulosam
760 1191 994 1286 arytaenoidi'
1012 1192 1174 1264 insidere
1191 1193 1214 1267 l.

208 1334 237 1380 o.
250 1336 293 1406 p.
320 1333 371 1378 11.
396 1312 451 1379 Tu
472 1333 563 1379 vero
586 1322 790 1406 utrumque
810 1309 981 1406 inspice:
1012 1309 1119 1384 locos
1138 1313 1216 1411 ipse

208 1425 309 1496 ultro
326 1425 521 1513 iudicab0,
548 1449 598 1496 ne
615 1440 821 1497 retrorsum
844 1424 897 1498 ibi
917 1427 1125 1523 quaerendo
1151 1453 1218 1527 per

210 1544 345 1614 multas
359 1547 533 1641 paginas,
554 1542 723 1631 labores,
744 1568 839 1617 neve
859 1544 911 1615 sic
934 1545 975 1615 in
995 1544 1100 1616 aliud
1125 1544 1219 1618 forte

193 1660 353 1733 ¹incidas
373 1660 448 1732 huc
464 1663 588 1733 minus
607 1663 768 1735 attinens
784 1659 1083 1733 Scltelhammeri
1104 1688 1220 1762 opus-

213 1777 351 1852 culum.
368 1783 589 1850 Dissertatio
602 1778 715 1876 hujus
726 1794 781 1852 est
793 1780 1037 1878 intelligenda
1050 1779 1099 1853 de
1113 1807 1216 1869 voce,

212 1899 252 1967 in
271 1897 411 1993 cujusl
428 1913 552 1994 parte,
568 1922 647 1995 cap.
667 1899 707 1985 3,
728 1896 774 1969 de
795 1897 1087 1996 arytaenoidibus
1105 1899 1221 1973 verba

214 2012 369 2101 faciens,
373 2014 638 2105 fialcimentum
646 2014 707 2087 bae
720 2031 827 2102 sunt,
840 2016 986 2111 inquit,
1001 2017 1222 2088 substantiae

216 2131 374 2230 alicujus
383 2133 606 2230 peculiaris,
631 2159 716 2230 quae
737 2131 874 2204 nullibi
894 2133 992 2205 alias
1007 2141 1046 2204 in
1065 2158 1223 2234 corpore

219 2256 418 2349 reperitur,
431 2275 545 2348 quam
553 2250 744 2322 commode
755 2258 939 2348 expressit
951 2251 1130 2342 Galenus,
1138 2253 1224 2323 dum

220 2366 437 2465 adt'Jiosam,
455 2366 778 2464 cartilaginosum,
799 2383 837 2438 et
851 2372 1152 2441 membranosam
1171 2369 1224 2442 di·

221 2489 301 2577 xit:
322 2483 592 2580 nonnullisque
616 2483 662 2556 de
680 2484 750 2556 hac
769 2484 976 2558 substantia
999 2488 1223 2586 interjectis,

224 2616 266 2670 ut
283 2600 482 2670 similarem
504 2624 582 2673 esse
600 2601 792 2690 ostendat,
809 2604 1012 2702 medioque
1033 2630 1071 2676 se
1087 2605 1226 2677 habere

221 2716 337 2786 modo
349 2716 450 2788 ‘inter
463 2718 526 2788 illa
546 2720 616 2790 tria
631 2745 712 2817 quae
731 2723 953 2794 memoravit
970 2723 1157 2810 Galenus,
1179 2724 1227 2795 sic

222 2836 396 2932 protinus
419 2834 582 2908 indicata
607 2839 741 2935 pagina
764 2864 801 2909 11
824 2839 1027 2912 concludit·
1043 2845 1141 2912 Hoec
1162 2846 1227 2911 ita·

105 2965 107 2968 ⁴
226 2977 297 3050 que
313 2955 522 3024 substantia
538 2953 681 3053 duplici
687 2957 916 3049 arytcenoidi
922 2957 1155 3055 cartilagini,
1167 2983 1228 3030 ceu

225 3070 366 3168 duplex
377 3076 489 3141 crista
498 3071 670 3158 inliceret,
688 3072 826 3160 mollis,
840 3072 951 3158 lana,
964 3075 1069 3162 levis,
1079 3081 1228 3174 magisa

225 3213 264 3258 se
281 3186 425 3259 distans
446 3188 535 3259 alunt
555 3191 820 3288 spiramus,ad
828 3217 867 3262 se
880 3197 1032 3264 invicem
1040 3195 1228 3280 accedens,

226 3306 292 3376 ubi
308 3329 437 3377 vocem
455 3306 611 3393 edr'mus,
628 3306 751 3405 plane
772 3309 943 3395 occlusa,
958 3307 1050 3381 dum
1063 3316 1232 3409 spiritum

223 3426 704 3522 premimusHancpartem
718 3425 839 3496 medio
858 3451 896 3496 se
906 3426 1107 3498 babentem
1121 3427 1231 3499 modo

229 3538 403 3610 rimulam
421 3541 592 3612 vocalem
602 3541 815 3640 appellant,
832 3559 870 3614 et
875 3543 1082 3639 glottidem.
1097 3549 1234 3642 Lingu-

230 3651 308 3725 lam
327 3655 683 3755 Galeniinterpretes
698 3673 896 3732 uerterunt.
915 3663 948 3732 N
951 3687 1013 3732 um
1032 3687 1126 3760 ergo
1139 3663 1237 3750 dicit,

231 3774 475 3843 substantiam
483 3773 752 3872 glandulosam
763 3779 994 3872 arytcenoidi
1002 3780 1184 3853 insidere?
1192 3805 1237 3851 ne

232 3905 355 3986 potest
369 3892 542 3990 quidem,
560 3919 645 3967 cum
659 3894 761 3969 illam
776 3897 911 3971 dixerit
930 3921 1011 3973 esse
1031 3899 1238 3996 ejusmodi,
1323 3973 1324 3978 ,
