2842 4672
267 427 311 476 10
432 427 479 474 DE
505 425 649 476 moruus
673 426 718 474 ET
743 424 867 474 canals
891 423 1105 475 NORBORUH'
1218 445 1221 452 ⁴

262 565 308 614 ro
340 542 589 633 suffocatam,
613 542 722 632 febri
738 545 1076 639 permncumoniea
1102 563 1271 638 superve-

262 664 407 746 niente,
419 673 566 758 repente
573 663 700 755 periit.
719 663 764 730 In
780 674 912 734 nostro
925 661 1025 732 enim
1042 682 1130 730 casu
1142 655 1269 730 defue·
1346 757 1348 761 ι

265 803 307 850 re
336 777 678 876 peripneumonicae
707 774 820 850 febris
847 791 928 850 tum
964 778 1068 876 signa
1098 775 1270 876 quaedam

265 896 472 996 praecipua,
491 891 582 964 dum
599 919 696 991 aeger
712 896 872 986 viveret,
893 911 973 968 tum
992 894 1191 994 peculiaris
1207 892 1270 967 illa

266 1015 307 1086 in
327 1011 515 1086 demortui
533 1011 781 1109 pulmonibus
805 1014 924 1104 labes,
944 1013 991 1087 de
1013 1037 1088 1111 qua
1110 1012 1200 1084 alias
1214 1008 1269 1108 (t)
1335 1079 1339 1090 .

269 1128 485 1204 scribemus.
503 1133 686 1204 Ceterum
698 1131 905 1231 epidemica
923 1132 1001 1204 haec
1009 1145 1137 1204 nostra
1153 1142 1274 1200 catar-

266 1244 429 1321 rhalium
451 1244 613 1320 febrium
638 1245 858 1322 constitutio
882 1263 1102 1348 tempestate
1121 1249 1271 1344 ingrue-

268 1377 327 1436 rat
341 1361 495 1461 frigida,
518 1380 555 1438 et
572 1366 688 1456 sicca,
713 1367 809 1438 coelo
827 1367 893 1441 diu
912 1383 1104 1462 noctuque
1120 1388 1271 1452 sereno,

266 1505 381 1579 quam
408 1483 522 1579 paulo
549 1498 636 1557 ante
662 1499 840 1556 constans
864 1497 1103 1582 precesserat
1127 1481 1276 1580 tepida,

269 1600 453 1688 austrina,
472 1600 652 1696 pluviosa.
668 1603 772 1674 Nosti
794 1616 919 1673 autem
939 1605 1206 1699 Hippocratem
1218 1599 1274 1696 (a)

271 1716 442 1816 quamuis
461 1716 541 1790 aliis
566 1719 657 1789 anni
679 1718 931 1816 temporibus,
954 1719 1053 1790 hanc
1079 1716 1275 1814 tempesta·

268 1849 350 1908 tum
366 1836 640 1911 successionem
657 1837 779 1935 excipi
796 1836 969 1910 docuisse
982 1839 1097 1910 variis·
1107 1833 1274 1922 morbis,

269 1954 310 2028 in
329 1953 468 2052 quibus
480 1953 617 2028 diserte
635 1958 838 2030 senioribus
857 1956 1021 2030 minatus
1035 1971 1090 2028 est
1107 1949 1279 2026 destillw·

270 2077 390 2146 tiones
408 2097 494 2170 quae
512 2079 584 2144 cito
602 2078 828 2144 interimunt.
852 2078 897 2144 Et
921 2097 1008 2145 sane
1035 2073 1097 2142 alii
1121 2069 1275 2167 quidam

256 2213 381 2264 ¹senes
396 2195 494 2262 'tunc
510 2189 702 2287 apud'nos
719 2191 915 2276 interiere,
937 2190 1002 2264 sed
1019 2189 1138 2286 pauci.
1160 2191 1277 2260 Caete-

272 2331 336 2378 ros
352 2307 624 2402 cujuscumque
640 2307 853 2402 promiscue
870 2308 984 2378 aetatis
999 2305 1194 2392 homines,
1211 2327 1277 2376 oc-

272 2424 441 2511 casione,
466 2438 507 2494 ut
523 2422 748 2521 apparebat,
769 2421 894 2521 frigidi
911 2425 1008 2496 aeris'
1021 2447 1118 2520 pene
1137 2422 1278 2495 viritim

274 2539 530 2639 corripiebant
544 2537 670 2626 febris,
685 2542 812 2628 tussis,
829 2557 940 2639 sputa
954 2538 1194 2627 catarrhalia;
1212 2536 1279 2612 scd

275 2660 419 2747 omnia,
438 2659 468 2730 si
486 2683 564 2730 non
582 2657 806 2756 negligerem
824 2660 917 2730 levia
931 2658 1174 2766 plerumque,
1191 2655 1281 2728 bre-

276 2778 355 2866 via,
382 2775 553 2856 salubria.
579 2779 632 2848 Ac
659 2801 720 2852 mc
748 2775 903 2873 quidem
923 2773 986 2846 illa
1010 2773 1141 2848 eadem
1164 2793 1280 2870 quatu

277 2921 366 2970 mox
377 2894 517 2982 dicam,
534 2892 634 2966 facili
645 2893 790 2971 ratione
803 2893 1002 2992 percuravi
1022 2917 1096 2990 qua
1112 2907 1203 2964 tunc
1219 2913 1282 2962 so·

278 3011 615 3110 lebam‚siquando
625 3010 760 3107 hyeme
773 3010 991 3084 catarrhaiis
1002 3008 1184 3094 febricula
1197 3031 1282 3107 pre·

278 3129 482 3218 benderet3
499 3154 612 3226 aqua
631 3153 691 3202 me
708 3143 838 3227 postea
854 3153 1049 3226 meosque,
1064 3144 1156 3202 tunc
1167 3125 1281 3200 etiam

279 3273 367 3320 cum
380 3247 490 3345 quasi
508 3245 713 3345 epidemice
731 3247 908 3335 recurrit,
925 3247 1053 3345 plures
1066 3247 1284 3343 jamanuos

280 3366 439 3453 servavi,
453 3391 499 3438 ex
509 3387 587 3461 quo
601 3365 641 3434 in
651 3363 871 3462 quotidiana
884 3364 1046 3463 hyemali
1063 3357 1282 3440 coenabant

279 3483 359 3559 aliis
383 3481 511 3556 herbis
538 3481 586 3554 ad
615 3483 814 3556 acetariam
841 3483 1004 3571 utimur,
1028 3503 1145 3577 quam
1174 3491 1283 3564 cocta

321 3871 366 3950 (1)
387 3872 480 3949 Epist.
500 3890 538 3932 ιο
554 3886 583 3932 ct
596 3893 646 3932 ar.

321 3986 364 4065 (a)
383 3989 463 4048 Soet·
480 3989 512 4062 3,
528 3991 607 4066 aph„
622 4008 670 4048 ra.
