2820 4662
1232 293 1239 322 1

272 411 342 502 4οὸ
434 430 480 480 oa
506 429 652 480 sanrrus
676 429 721 478 ar
745 426 870 479 causis
895 425 1111 481 nonnosum

272 559 396 620 essent
418 571 500 644 quae
520 546 746 644 praecipuam
766 543 891 615 morbi
908 543 1034 616 sedem
1058 545 1098 616 in
1122 542 1275 616 thorace

274 661 546 761 significarent,
569 663 599 734 si
627 687 669 733 ea
695 685 778 758 quae
803 678 1089 759 praecesserant,
1118 685 1204 733 cum
1230 662 1272 732 iis

273 803 357 876 quae
376 777 554 865 aderant,
572 778 772 876 diligenter
788 778 1048 876 conjungeres.
1078 779 1150 850 Alii
1176 778 1275 848 enim

273 897 497 994 gravissimis
518 897 634 968 animi
650 892 845 967 affectibus
861 895 1044 993 perculsi,
1058 911 1100 968 ut
1122 896 1276 966 Pauluc·

274 1015 376 1102 cius,
396 1029 432 1084 et
442 1015 492 1096 is,
508 1037 639 1110 quem,
655 1011 824 1084 Dionisio
836 995 989 1084 auctore
1004 1036 1276 1085 commemora·

273 1131 417 1206 vimus:
435 1131 496 1200 aiii
510 1130 705 1217 diuturna,
719 1131 948 1228 immanique
961 1131 1075 1220 tussi,
1092 1146 1136 1202 ut
1149 1135 1274 1202 Ferra-

273 1252 412 1334 rinius,
427 1250 552 1346 agitati
570 1251 609 1318 in
625 1245 803 1320 morbum
826 1248 1047 1320 inciderant.
1065 1245 1116 1320 Ut
1131 1248 1272 1320 veroin

276 1365 463 1462 ejusmodi
477 1366 566 1438 tussi
580 1391 692 1462 quam
707 1365 866 1454 crebro,
880 1390 995 1464 quam
1013 1365 1201 1437 violenter
1219 1388 1277 1436 na·

270 1482 407 1554 ¹turalis
427 1496 551 1554 motus
574 1484 844 1580 respirationis,
865 1498 920 1571 et,
947 1482 1051 1582 qnod
1077 1481 1276 1579 consequi-

276 1615 359 1684 tur,
384 1601 493 1670 etiam
519 1602 709 1699 sanguinis
729 1614 914 1689 mutetur,
935 1600 1126 1698 hujusque
1150 1600 1194 1670 in·
1214 1621 1275 1699 pa-

271 1717 389 1789 rietes
405 1743 560 1790 suorum
573 1719 919 1817 receptaculorum,
933 1739 1274 1816 vasorumquequae

277 1836 317 1906 in
334 1835 488 1909 thorace
501 1852 611 1925 sunt,
629 1839 832 1935 repentinae
844 1837 935 1909 fiant
954 1839 1276 1936 repercussiones,

278 1953 515 2028 manifestum
530 1971 603 2043 est3
621 1955 670 2026 ita
683 1956 721 2025 in
738 1953 934 2029 affectibus
950 1956 1064 2027 animi
1084 1979 1202 2053 quam
1221 1977 1277 2024 va·

279 2074 354 2162 rie,
377 2097 490 2170 quam
518 2072 605 2160 diu,
633 2097 745 2170 quam
771 2073 1013 2146 vehementer
1036 2097 1105 2171 per
1128 2071 1276 2144 easdem

279 2191 451 2263 ilfasvvias
464 2190 577 2261 modo
591 2191 823 2279 concitetur,
841 2190 957 2262 modo
968 2190 1182 2262 retardetur
1200 2213 1280 2262 san·

281 2309 405 2407 guinis
419 2332 567 2392 cursus,
583 2305 687 2379 facile
702 2323 794 2392 tunc
809 2325 966 2408 possunt
978 2307 1108 2398 facieS,
1122 2309 1280 2408 respira·

281 2427 352 2510 tio,
368 2427 499 2524 pulsus
517 2443 830 2514 commonstrarc3
846 2441 887 2498 ut
907 2426 1119 2498 mirandum
1139 2451 1221 2498 non
1237 2425 1280 2497 sit

283 2541 387 2639 quod
404 2569 449 2613 ex
464 2544 651 2639 magnoin
668 2543 951 2642 supprimenda,
968 2560 1033 2617 aut
1044 2545 1282 2619 dissimulan-

283 2658 331 2729 da
341 2657 600 2756 indignatione
614 2677 768 2751 conatu,
784 2664 917 2762 ingens
933 2663 1028 2736 illud
1042 2663 1205 2735 dexterae
1217 2687 1278 2734 au·

284 2776 411 2848 riculae
426 2801 646 2875 ancurysma
661 2807 738 2852 non
758 2806 863 2856 secus
878 2782 1054 2854 acciderit
1069 2781 1173 2878 apud
1194 2782 1279 2852 Dio·

284 2892 439 2982 nisium,
458 2921 569 2994 quam
584 2915 685 2972 tanta
706 2901 847 2991 cordiS,
863 2917 901 2976 et
916 2917 1028 2974 aortae
1051 2901 1228 2972 dilatatio·
1241 2925 1282 2973 ex

274 3011 417 3084 -eadem
441 3039 550 3088 causa
576 3019 760 3092 acciderat
785 3018 886 3118 apud
909 3020 1109 3092 Harreium
1132 3019 1221 3116 (1),
1240 3031 1280 3090 ut

286 3133 396 3204 amici
410 3159 456 3206 ex
475 3135 643 3209 inaudita
666 3138 789 3209 morbi
803 3137 978 3211 violentia
1001 3137 1196 3208 hominem
1221 3160 1281 3207 vc·

270 3253 420 3346 neficio
432 3279 458 3322 a
467 3255 640 3351 maltfica
650 3258 844 3348 affictum,
862 3273 931 3328 aut
942 3255 1207 3328 cacodaemone
1218 3253 1281 3324 ob·

287 3392 439 3457 sessum,
458 3386 544 3442 ante
561 3373 749 3446 cadaveris
763 3373 1044 3463 dissectionem,
1063 3371 1163 3443 haud
1179 3371 1283 3442 aliter

286 3507 330 3554 ac
340 3485 393 3554 .de
411 3489 619 3560 Ferrarinio
632 3504 687 3561 est
701 3489 864 3577 dictum,
879 3493 1143 3563 existimarent.
1161 3493 1281 3592 Atque

288 3625 331 3671 ea
350 3617 404 3672 est
416 3601 669 3677 humanorum
685 3603 886 3678 affectuum
902 3609 957 3679 vis
974 3608 1014 3678 in
1026 3606 1219 3704 sanguinis
1232 3605 1300 3678 at·

326 3975 369 4052 (ι)
390 3978 434 4034 De
447 3977 526 4035 Circ.
544 3977 654 4054 Sangu.
672 3980 775 4038 Exere.
788 3983 876 4038 Anat.
892 3983 922 4039 3.
