2832 4662
327 413 399 498 556
493 447 543 509 nr
567 443 714 497 seorsus
737 445 783 494 rr
807 441 933 494 cauus
957 441 1170 494 munerun

322 575 424 648 tum,
442 558 582 656 biliosp
603 574 729 632 autem
752 577 825 657 per·
836 581 1025 635 secessum
1048 556 1220 642 materiae
1241 554 1342 652 eiec-

323 679 438 750 tione.
455 679 581 750 Tertio
601 676 661 749 die
677 687 786 748 aucta
802 673 971 774 spirandi
991 671 1212 763 difficultas,
1244 688 1343 746 ster.-

321 809 401 882 cor,
419 807 527 892 sputa
543 808 581 866 et
598 793 794 891 pauciora,
808 807 846 865 et
860 791 1121 881 valdecrasea,
1137 789 1339 879 densa,al·

324 900 536 999 bescentia,
549 909 741 986 interdum
757 923 796 982 et
803 907 916 980 flava:
930 909 1069 982 iteratae
1084 908 1338 1006 dejectiones:

325 1028 457 1126 pulsus
467 1027 528 1100 vel
540 1028 658 1125 magis
671 1027 875 1125 inaequalis
892 1027 1026 1101 Missus
1037 1029 1177 1100 iterum
1190 1041 1250 1100 est
1264 1047 1342 1098 san·

325 1146 430 1244 guis,
450 1145 597 1244 aliaque
615 1145 654 1216 in
669 1137 780 1218 usum
796 1159 914 1219 tracta
934 1145 1116 1234 remedia3
1137 1144 1207 1220 sed
1221 1146 1338 1216 incas·

328 1285 423 1336 sum.
443 1265 539 1334 Nam
555 1261 616 1334 die
632 1277 769 1360 quarto
788 1265 917 1361 pejora
937 1259 1033 1336 facta
1052 1278 1162 1336 erant
1184 1262 1337 1334 omnia:

329 1377 497 1456 thoracis
510 1394 635 1453 autem
658 1379 721 1452 ille
738 1378 867 1468 dolor,
890 1380 957 1479 qui
984 1403 1165 1478 gravans,
1184 1392 1231 1451 ut
1250 1378 1339 1449 dixi-

328 1519 432 1584 mus,
453 1493 595 1586 fuerat,
611 1519 786 1596 pungens
800 1498 879 1595 jam
902 1512 1001 1585 erat,
1022 1498 1237 1596 praesertim
1257 1521 1339 1570 cum

332 1637 430 1712 aegra
447 1615 615 1702 tussiret‚
645 1630 709 1689 aut
728 1639 867 1714 corpus
881 1630 1067 1702 moveret:
1092 1615 1156 1684 cui
1172 1631 1340 1713 postmo-

254 1815 256 1822 y
332 1730 423 1804 dum
451 1756 533 1807 non
565 1731 747 1820 absimilis
771 1730 892 1804 infimi
907 1733 1053 1822 ventris
1075 1756 1114 1804 se
1134 1731 1255 1804 dolor
1281 1733 1339 1802 ad-

329 1850 471 1946 junxit,
494 1864 535 1924 ut
562 1850 734 1946 instantis
755 1865 886 1950 partus
911 1848 1048 1924 taceret
1071 1851 1337 1948 suspicionem.
1413 1853 1414 1862 ’

331 1972 474 2042 Verum
486 1969 654 2052 insecuta
663 1982 775 2042 nocte
783 1969 884 2042 inter
892 1968 1339 2066 crebrasinaequalintes,
1412 2015 1414 2042 t

332 2100 370 2160 et
387 2086 683 2178 intermissiones
701 2083 864 2160 deficere
887 2085 1019 2185 pulsus
1035 2087 1171 2185 coepit,
1189 2101 1231 2160 et
1253 2110 1340 2159 con·
1413 2069 1414 2128 ἶ

322 2203 464 2305 'sopitis
476 2201 691 2292 doloribus,
710 2204 865 2304 remissa
875 2203 1025 2280 assidua
1040 2202 1105 2298 illa
1122 2203 1245 2278 totius
1262 2227 1340 2276 eor-

333 2322 437 2419 poris
452 2321 679 2418 jactatione,
695 2321 903 2424 suppressis
922 2322 1059 2421 sputis,
1080 2317 1339 2394 fatiscentibus

303 2503 306 2524 ,
333 2435 496 2526 viribus,
515 2438 650 2536 quinto
665 2439 820 2513 ineunte
836 2434 898 2515 die
909 2492 921 2527 ,
933 2435 1087 2510 vivendi
1098 2434 1190 2510 finis
1202 2453 1263 2512 est
1270 2435 1338 2508 fac-

335 2571 406 2630 tus.
422 2561 565 2631 Ventre
588 2559 690 2632 illico
705 2572 857 2658 aperto,
884 2557 1062 2633 nonnihil
1087 2556 1340 2634 inflammatus

333 2687 482 2763 uterus,
501 2675 541 2746 in
560 2675 634 2748 hoc
649 2691 776 2753 autem
796 2674 922 2775 puella
933 2677 1011 2774 jam
1026 2691 1180 2748 mortua
1191 2678 1339 2750 inventa

336 2805 405 2880 est,
426 2791 534 2888 cujus
552 2793 728 2892 alioquin·
744 2795 904 2884 viscera,
921 2808 964 2866 ut
988 2809 1026 2868 et
1047 2809 1181 2868 coetera
1200 2819 1285 2894 qun
1305 2795 1338 2864 in

335 2924 508 2984 materno
523 2927 631 2987 erant
643 2927 791 3005 ventre,
804 2911 1015 2987 secundum
1024 2927 1203 2986 naturam
1220 2937 1263 2988 se
1281 2913 1338 2984 ba·

343 3026 497 3104 bebant.
544 3025 548 3032 ’
1410 3093 1411 3102 ,

385 3145 457 3220 Sed
475 3145 630 3220 thorace
644 3150 773 3222 matris
784 3149 963 3240 dissect0,
980 3150 1113 3248 pulmo
1134 3147 1269 3222 dexter
1280 3150 1338 3218 im·
1410 3103 1411 3193 i

339 3287 487 3336 manem
506 3263 840 3340 inflammationem
857 3291 901 3341 ac
918 3265 1118 3356 duritiem,
1136 3279 1174 3337 et
1198 3265 1271 3340 sub
1289 3264 1340 3334 bis
1409 3335 1410 3340 ,

340 3380 562 3456 inchoatum
575 3383 652 3480 jam
672 3382 888 3458 abscessum
904 3383 1080 3470 ostendit.
1128 3364 1133 3372 ’

393 3522 447 3570 10.
468 3502 545 3572 Etsi
560 3502 718 3599 aprimo
732 3499 887 3578 fortasse
898 3501 1144 3590 desiderabis,
1150 3515 1194 3574 ut
1205 3527 1283 3599 qua
1294 3501 1340 3572 di

339 3614 492 3712 ligentia
507 3617 704 3710 morbum,
721 3618 853 3693 eadem
867 3621 1036 3693 Valsalva
1048 3635 1253 3693 anatomen
1265 3619 1341 3692 cbo

338 3734 435 3806 racis
454 3731 575 3831 hujus¹
586 3752 766 3821 matronae
781 3736 1058 3837 descripsisset;
1074 3753 1204 3812 tamen
1222 3763 1341 3837 neque

340 3849 495 3924 durities
507 3851 656 3949 pulsus,
669 3878 793 3954 neque
803 3855 915 3928 dolor
924 3881 970 3928 ex
981 3872 1160 3954 gravante
1171 3877 1341 3958 pungens
1407 3909 1408 3914 ,

340 3963 482 4060 iactus,
504 3972 714 4046 necessario
744 3972 942 4064 indicant,
967 3989 1102 4072 praeter
1129 3974 1341 4073 pulmonis,
