2766 4670
170 433 296 487 mna.
323 429 854 500 unuonrtscarrrrs,rr1sr.
881 439 956 485 xrv.
1013 416 1079 504 143

65 575 156 648 quae
177 571 290 622 cauea
313 547 480 645 palatum
503 569 711 644 naresque,
730 549 860 622 eadem
884 552 1080 649 glottidem

66 693 255 767 quoque,
271 681 336 738 aut
352 690 435 764 quae
445 659 673 763 ‘adglottidis
684 667 860 740 utilitates
871 672 1079 742 necessario

47 788 340 884 ‘requiruntun
356 784 528 856 vitiasset.
540 785 671 879 Neque
688 783 742 853 ibi
754 784 934 858 Hildanus
948 787 1078 860 adter-

70 919 198 991 satur,
219 903 286 999 qui
304 899 444 974 lamina
462 915 639 998 qrgentea
655 925 676 972 a
694 898 877 974 foramine
892 957 904 992 ,
920 905 1025 1000 quod
1038 907 1077 977 in

69 1022 200 1120 palato
211 1034 290 1092 erat
300 1023 527 1106 niaximum,
542 1017 720 1107 detracta,
736 1024 799 1092 voc
809 1023 953 1094 verbum
964 1048 1079 1094 unum

68 1154 139 1209 aut
167 1137 330 1208 alterum
350 1135 520 1208 distincte
538 1160 587 1206 ac
602 1136 802 1208 articulate
816 1141 989 1236 proferri
1000 1166 1079 1239 po-

69 1261 202 1342 tuisse,
223 1253 373 1343 scribit,
387 1251 428 1324 id
445 1254 545 1325 enim
561 1251 608 1324 ad
629 1253 818 1352 loquelam
829 1257 981 1346 attinet,
998 1284 1077 1330 non

68 1373 116 1446 ad
140 1397 296 1460 vocem,
316 1371 422 1442 velut
445 1372 556 1443 etiam
584 1371 728 1444 Foresti
753 1371 987 1464 observatio,
1011 1377 1078 1473 qui

68 1492 151 1564 sinc
165 1489 356 1562 consimili
370 1489 627 1562 instrumento
644 1513 808 1587 aegrum,
829 1490 976 1590 inquit,
988 1515 1077 1568 eum

67 1608 288 1705 loqueretur
299 1611 400 1700 ‚neta
418 1603 576 1702 intelligi
583 1611 775 1703 potuisse,·
792 1606 857 1680 illo
872 1623 996 1683 autem
1016 1635 1077 1686 re·-

67 1727 217 1825 posito,
236 1709 430 1804 cmnmode
454 1721 627 1794 locutum.
648 1722 761 1812 Quod
787 1725 817 1796 si
833 1749 939 1798 casus
961 1753 1076 1825 quem

66 1869 115 1916 ex
131 1843 256 1916 amati
278 1845 383 1918 Cena
414 1838 447 1912 5.
470 1844 595 1912 Curat
628 1845 682 1927 14.
708 1845 882 1914 Forestus
901 1842 1077 1938 subjicit,

67 1963 212 2034 cursim
230 1959 432 2059 perlectus,
444 1981 522 2028 non
535 1957 651 2028 modo
664 1957 711 2029 ad
722 1958 933 2056 loquelam,
950 1960 1016 2032 sed
1027 1962 1075 2033 ad

67 2103 203 2151 vocem
221 2079 341 2176 ipsam
360 2075 510 2148 videtur
533 2089 725 2174 spectare,
744 2101 827 2174 quae
851 2092 943 2149 tunc
963 2084 1001 2148 in
1020 2094 1075 2149 to-

67 2212 147 2267 tum
162 2194 354 2292 deficeret,
365 2218 468 2268 nunc
490 2209 616 2268 autem
632 2209 932 2292 recuperatorem
947 2209 1073 2268 tamen
1159 2290 1161 2294 ι

67 2316 200 2386 sicum
214 2315 377 2406 Foresti,
391 2328 429 2384 et
445 2311 595 2399 Hildani
608 2313 834 2410 praesertim,
849 2311 1074 2386 ohservatio-

68 2430 184 2502 nibus
210 2429 410 2528 diligenter
440 2426 675 2517 conferatur3
698 2428 870 2502 devotis
890 2432 945 2520 vi,
968 2432 1072 2506 etde

67 2547 221 2646 loquela
240 2546 487 2644 intelligetur,
510 2569 597 2618 cum
614 2546 815 2619 verisimile
833 2549 994 2638 nonsit,
1016 2547 1071 2621 fo·

67 2689 200 2741 remen
211 2664 316 2762 quod
327 2666 596 2752 instrumento,
606 2664 700 2736 clavi
714 2665 833 2736 instar
844 2662 961 2756 facto,
974 2667 1072 2740 clau·

66 2783 253 2871 debatur,
274 2781 397 2876 majus
413 2781 479 2852 illo
501 2777 613 2855 luisse
628 2780 732 2879 quod
752 2781 933 2854 Hildanus
949 2792 1071 2856 incrt-

65 2927 167 2972 mum
194 2899 316 2988 dixit,
332 2899 452 2972 necsi
474 2900 598 2973 minus
625 2913 722 2982 erat,
747 2899 834 2996 plus
854 2899 1073 2974 detrimenti

66 3043 182 3116 quam
200 3017 426 3103 maximum,
446 3016 620 3090 attulisse.
640 3012 822 3090 Caeterum
843 3017 919 3090 sive
932 3016 1070 3089 humo-

65 3136 117 3208 ris
133 3130 378 3215 exuberantia
400 3129 514 3202 libras
538 3129 862 3228 glottidis,qua1n
881 3131 1073 3228 inaequali-

65 3266 124 3324 ter
140 3247 414 3336 distendendo,
432 3248 599 3346 primum
623 3246 804 3319 duntaxat
828 3270 1072 3344 exasperave-

65 3384 141 3457 rat,
160 3367 271 3438 nimis
288 3365 467 3438 diuturno
485 3362 625 3436 affluxu
641 3364 691 3434 ita
711 3364 831 3453 laxet,
853 3379 895 3436 ut
915 3390 1068 3440 omnem

65 3485 234 3582 denique
254 3483 442 3558 elasticam
456 3483 532 3552 vim
552 3483 742 3580 amittant,
764 3481 838 3554 sive
863 3499 994 3557 eontra
1013 3487 1069 3574 in·

64 3604 159 3674 tima
179 3602 324 3676 siccitas
336 3615 417 3672 tum
435 3598 635 3697 crispando
655 3615 866 3698 exasperet,
885 3613 966 3673 tum
981 3603 1068 3676 sub-

64 3718 248 3808 sidentes,
264 3717 466 3816 minusque
489 3715 745 3788 musculorum
770 3717 935 3792 motibus
961 3719 1068 3806 obse-

65 3850 229 3934 quentes
246 3832 375 3923 faciat3
400 3859 447 3906 eo
465 3859 525 3906 res
544 3834 697 3906 demum
715 3836 912 3940 pervenire
929 3841 1069 3936 poterit

64 3951 293 4052 aliquando,
310 3966 352 4024 ut
368 3950 531 4024 raucedo
545 3951 586 4022 in
595 3953 698 4025 vocis
710 3953 948 4026 amissionem
964 3953 1069 4064 dege·
