2820 4662
163 451 230 500 irs.
257 449 297 498 11.
324 449 372 496 os
397 447 533 496 nonnis
557 446 751 512 raonsms,
776 449 887 499 srrsr.
914 448 1018 500 xvru.
1048 435 1121 530 409

24 591 26 636 r
118 566 275 652 veis,ac
304 561 550 659 receptaculis
577 562 616 632 in
643 561 796 635 thorace
828 564 1047 656 dilatandis,
1077 583 1124 640 ut

23 711 25 752 t
117 682 200 754 hinc
234 681 347 754 etiam
381 678 515 750 merito
547 703 695 750 causam
729 680 929 756 deduxerit
959 685 1121 757 ,ilberti-

23 831 24 840 ¹
119 823 187 871 nus
202 797 278 894 (1),
292 795 542 895 quamobrem
561 795 797 868 dilatationes
818 799 888 870 illae
906 827 1062 900 perraro
1084 804 1125 872 iu

118 916 262 992 bestiis.
273 939 367 1013 saepe
385 913 479 984 adeo
494 914 532 982 in
545 912 762 984 hominibus
775 919 1023 1013 reperiantur.
1045 919 1124 990 Ubi

117 1035 227 1132 igitur
243 1033 345 1118 h‘aec,
364 1045 433 1102 aut·
444 1031 803 1128 aliavpraecesserinh
822 1034 925 1106 unde
940 1059 1121 1132 aueurys-

118 1167 212 1224 mata
233 1151 327 1222 oriri
348 1149 513 1248 possint;
532 1164 624 1220 tunc
640 1164 721 1221 orta
740 1151 815 1245 jam
842 1175 920 1224 esse
945 1156 1122 1250 conjicie-

117 1294 209 1356 mus,
225 1295 307 1342 non
321 1265 436 1338 modo
452 1291 537 1338 cum
549 1264 726 1339 affuerint
738 1268 923 1367 pleraeque
934 1286 1031 1342 notae
1045 1272 1123 1368 qui·

116 1386 186 1469 bus
202 1389 265 1458 illa
285 1386 432 1459 ostendi
450 1387 557 1459 solita
572 1411 671 1474 esse,
685 1387 783 1456 idem
800 1389 951 1460 tradidit
967 1413 1120 1462 accura-

117 1507 207 1598 tius,
224 1530 338 1606 quam
353 1517 395 1575 ut
413 1527 433 1602 a
455 1502 566 1574 nohis
581 1503 723 1600 aliquid
739 1503 955 1576 addendum
971 1509 1017 1579 sit
1029 1536 1039 1596 ;
1053 1533 1118 1580 ve·

117 1649 200 1697 rum
222 1625 333 1702 etiam
355 1645 440 1693 cum
459 1619 636 1690 morbum
653 1619 767 1690 alium
783 1621 822 1690 in
839 1621 990 1694 thorace
1013 1625 1118 1696 abdi·

118 1756 196 1814 tum
224 1741 376 1814 nullum
410 1761 508 1825 esse,
537 1750 758 1807 caeterorum
790 1737 869 1832 ejus
893 1740 1117 1814 morborum

116 1859 254 1946 causis,
270 1857 404 1956 signis,
422 1869 459 1927 et
477 1852 728 1925 remediorum
748 1851 942 1927 effectibus
962 1856 1061 1928 inter
1080 1883 1118 1932 se

114 1976 359 2073 comparatis,
374 1971 636 2069 intelligemus.
650 1970 745 2041 Male
757 1986 880 2043 autem
893 1996 1118 2068 aueurysma

114 2094 320 2189 conjiceret
344 2091 410 2186 qui
436 2087 513 2158 haec
535 2113 614 2160 non
640 2086 859 2160 attenderet.
883 2091 941 2160 Sic
955 2090 1049 2162 alter
1069 2091 1117 2164 de

112 2207 267 2282 duobus
284 2208 373 2279 viris
389 2229 486 2304 quos
501 2204 694 2304 descripsit
710 2205 831 2276 clarus
848 2211 1040 2306 Capperus
1051 2207 1118 2305 (a),

109 2325 268 2400 difficile
294 2324 448 2423 quidem
476 2323 717 2423 spirabat,·et
738 2324 835 2396 adeo
867 2327 1007 2422 inflexo
1034 2349 1119 2396 cor-

99 2442 390 2543 pore....sedere
420 2444 637 2540 cogebatur,
665 2457 708 2514 ut
732 2457 847 2541 caput
865 2449 966 2514 intra
990 2467 1116 2539 genua

110 2566 225 2658 quasi
243 2558 443 2632 recondere
457 2559 668 2650 videretur3
688 2559 837 2631 nullum
858 2576 983 2634 tamen
999 2586 1114 2633 aneu-

111 2699 256 2776 rysma‚
278 2679 354 2752 imo
378 2701 444 2752 cor
465 2675 598 2749 habuit
621 2675 827 2750 admodum
839 2705 1016 2778 parvum.
1041 2678 1114 2751 Sed

112 2795 181 2868 alia
202 2798 473 2894 aueurysmatis
495 2795 633 2867 indicia
654 2795 828 2886 deerant,
851 2812 889 2870 et
912 2795 1112 2870 manifesto

114 2929 191 2985 erat
207 2911 427 3012 phthisicus.
446 2912 505 2983 Sic
523 2936 617 3011 puer
635 2913 675 2984 in
690 2911 938 3012 Sepulchreto
952 2913 1007 3010 (3)
1024 2937 1113 3010 pro·

114 3030 277 3127 positus,
296 3032 357 3102 cui
371 3055 449 3100 non
466 3053 709 3126 aueurysma,
730 3029 795 3104 sed
808 3028 927 3101 moles
941 3029 1113 3128 quae'dam

115 3169 269 3236 carnea,
282 3148 421 3246 pleurae
431 3161 468 3218 et
481 3147 592 3219 costis
606 3147 777 3246 proxime
787 3144 981 3219 adhaercns
991 3199 1001 3235 ,
1013 3172 1112 3216 mor-

74 3345 76 3349 ·
115 3275 188 3336 tem
206 3265 351 3353 attulit,
380 3263 428 3337 de
447 3263 611 3362 pectoris
634 3262 766 3335 dolore
792 3262 930 3335 obtuso
954 3276 991 3334 et
1014 3261 1112 3334 diffi-

114 3382 249 3456 cultate
264 3382 474 3481 respirandi
485 3379 726 3478 querebatur,
732 3396 775 3454 ut
786 3384 826 3452 in
839 3378 1003 3455 obscuro
1015 3406 1112 3455 mor·

112 3495 181 3590 bo,
201 3500 269 3598 qui
286 3498 335 3571 ab
350 3499 475 3572 lateris
495 3497 647 3573 alterius
673 3500 750 3572 ictu
771 3525 816 3572 ex
837 3501 999 3600 graviori
1021 3525 1110 3573 casu

58 3847 63 3852 .
149 3796 191 3876 (r)
212 3801 322 3874 Opusc.
339 3799 388 3856 cit.
407 3817 513 3874 supra,
531 3797 570 3854 ad
582 3816 614 3854 n.
634 3817 682 3854 11.-

148 3896 192 3976 (a)
212 3902 277 3956 Aet.
289 3901 328 3956 tt.
344 3900 378 3956 C.
396 3910 467 3955 tom.
483 3905 516 3970 4,
530 3898 594 3955 obs.
609 3904 656 3970 47.

149 3994 193 4075 (3)
213 3999 245 4056 L.
263 4016 280 4055 a
289 4038 299 4071 ,
313 4015 336 4054 s.
353 4015 386 4070 a,
400 3999 464 4056 obs.
484 4003 516 4074 4,
530 3997 563 4055 ἰιι
575 3995 730 4054 Additum.
