2832 4662
167 435 174 449 ‘
234 426 302 472 mr.
329 423 370 472 11.
399 425 446 475 us
471 423 609 474 moruus
633 424 831 491 rnouacrs,
857 427 969 477 rrrsr.
992 431 1049 476 xx.
1079 405 1149 506 595

145 543 229 612 eam
247 563 331 637 quse
353 539 394 612 iu
419 537 605 634 ejusmodi
630 536 767 612 morbo
795 563 873 614 non
906 546 1062 639 prorsus
1086 545 1151 618 de-

147 655 260 730 fuisse
289 657 527 756 intelligitur,
563 657 730 756 spirandi
758 655 1036 749 difficultatem,
1071 688 1152 734 non

148 799 259 854 secus,
271 800 314 848 ac
327 776 577 876 insequenti,
596 775 636 845 in
651 775 809 872 aliisque
823 774 1153 854 observationilirs

147 891 292 966 febrem
310 895 452 981 omisit,
472 915 559 966 cum
580 893 731 970 titulum
744 894 807 981 iis,
832 909 874 966 ut
886 895 976 968 huic
987 921 1154 995 quoque,

148 1010 402 1110 adscripsisset
418 1011 519 1084 illam
536 1009 584 1084 de
600 1009 813 1084 Pulmonis.
1236 1111 1239 1114 Ι

197 1134 255 1216 lt.
277 1129 473 1202 Mulierem
489 1151 609 1204 anuos
628 1143 754 1200 natam
769 1131 977 1228 sexaginta,
991 1131 1155 1229 prehen-

146 1246 204 1320 dit
218 1271 392 1346 pungens
417 1245 528 1320 dolor
547 1247 585 1318 iu
604 1245 757 1320 dextera
773 1245 941 1322 thoracis
963 1254 1093 1348 parte,
1112 1267 1156 1324 ut

148 1367 188 1440 in
206 1365 304 1439 hanc
313 1363 452 1436 cubare
465 1362 571 1434 nullo
589 1377 699 1460 pacto
717 1365 845 1462 possit.
861 1368 968 1440 Tussi
984 1383 1156 1460 vexatum
1254 1381 1256 1389 '

149 1506 269 1580 pauca
294 1480 468 1578 exspuit:
491 1475 644 1552 difficile
670 1479 845 1575 quidem,
875 1482 940 1554 sed
959 1509 1039 1556 non
1056 1483 1157 1557 mffi.

149 1599 287 1672 eillime
306 1599 488 1696 respirat:
510 1596 654 1670 viribus
678 1611 737 1668 est
764 1597 1156 1696 omnino'prostratis.
1213 1623 1226 1634 ·’
1283 1649 1286 1656 -

149 1718 317 1792 Remittit
329 1729 459 1814 postea
473 1714 602 1800 dolor,
620 1729 662 1788 ut
673 1713 755 1788 sine
768 1713 849 1788 ullo
862 1713 992 1790 labore
1001 1717 1157 1790 deeum·

146 1834 240 1910 bere
262 1835 339 1932 jam
362 1834 480 1933 possit
499 1833 540 1906 iu
565 1831 661 1908 latus
685 1830 893 1908 dex-terum.
910 1833 1158 1931 ,Sedsnterea

149 1954 268 2050 magis
284 1951 418 2026 indies
433 1946 629 2022 deficiente
651 1949 785 2047 pulsu,
803 1975 900 2048 segra
915 1975 1072 2051 quoque
1090 1953 1174 2032 deo.

150 2068 237 2144 licit.
260 2069 429 2140 Thorace
451 2081 600 2166 aperto,
618 2082 779 2165 uterque
803 2068 937 2166 pulmo
960 2070 1159 2146 adhaerens

150 2188 291 2287 pleurae
316 2187 533 2276 iuvenitur,
555 2183 620 2258 sed
637 2184 769 2258 dexter
784 2188 933 2278 arctius.
950 2189 1018 2260 Hic
1035 2205 1162 2281 totus,

151 2319 188 2380 et
214 2305 408 2402 superiore
426 2304 630 2401 presertim
648 2317 753 2401 parte
769 2303 1063 2378 indurueratzin
1081 2331 1158 2404 qun

150 2420 343 2496 abscessus
361 2437 463 2511 erat,
485 2445 563 2521 quo
582 2422 724 2510 inciso,
743 2423 904 2500 multum
924 2425 998 2494 seri
1014 2421 1159 2508 effluxit
1242 2408 1246 2414 ¹

149 2536 245 2614 lusci
268 2539 416 2612 coloris.
441 2545 522 2615 Hoc
544 2541 627 2638 ipso
652 2541 779 2625 colore
808 2542 979 2638 proximu
1001 2565 1157 2640 quoque

149 2657 342 2756 pulmonis
371 2656 578 2732 substantia
612 2655 749 2734 infecta
778 2671 879 2747 erut,
909 2673 947 2732 et
977 2657 1156 2757 sphauelo

151 2773 434 2871 quodammodo
458 2791 644 2872 correpta.
665 2777 822 2848 Sinister
841 2775 994 2872 pulmo,
1017 2801 1097 2848 non
1113 2785 1157 2848 ut

149 2889 281 2972 dexter
304 2915 350 2962 ex
367 2915 468 2978 unc,
494 2891 560 2964 sed
587 2891 762 2986 pluribus
780 2915 824 2964 ex
845 2891 942 2964 lobis
960 2907 1155 2986 constans,

150 3033 225 3106 qua
236 3008 390 3080 dorsum
403 3005 614 3106 spectabat,
631 3005 1050 3097 leviterinflummatus,
1066 3023 1156 3080 tota·

150 3139 225 3224 que
241 3126 376 3199 extima
390 3123 589 3224 superficie
604 3125 751 3222 reliqua
769 3127 887 3222 nigris
901 3123 964 3196 hic
983 3126 1060 3202 illic
1077 3151 1155 3200 maa

150 3245 244 3316 culis
269 3259 350 3318 crat
371 3243 581 3316 distinctus.
605 3247 650 3315 In
674 3243 884 3342 pericardio
905 3243 1023 3317 multa
1043 3269 1152 3342 aqua.

148 3363 193 3440 ln
209 3363 343 3434 ‚cordis
366 3378 530 3459 utroque
562 3361 770 3434 ventriculo
799 3385 942 3459 mugpoe
963 3363 1154 3461 polyposoe

149 3481 435 3569 concretiones3
453 3479 517 3552 sed
534 3479 647 3578 longe
668 3481 790 3574 major
808 3479 1031 3554 indext'ero.
1052 3483 1155 3552 Ven-

36 3613 38 3616 ’
147 3612 204 3670 tre
222 3623 377 3696 quoque
388 3597 568 3686 dissecto,
584 3599 684 3670 intra
695 3599 870 3669 extimam
882 3596 991 3670 lienis
1007 3613 1154 3696 partem

150 3740 288 3814 corpus
313 3715 505 3814 quoddam
530 3717 725 3787 inventum
751 3730 807 3787 est
838 3739 1008 3804 osseum,
1033 3714 1153 3814 figura

150 3836 307 3904 omnino
339 3833 528 3932 sphaerica.
561 3838 743 3905 Caeterum
774 3835 813 3903 in
844 3832 957 3928 hujus
985 3833 1154 3905 mulieris

97 4007 104 4026 ,
148 3953 243 4023 vasis
261 3955 411 4049 sanguis
426 3975 525 4050 pene
540 3964 640 4024 totus
658 3964 857 4024 concretus
875 3946 956 4022 fiiis

940 4064 1004 4140 38⁸
