2766 4670
199 421 274 468 um.-
297 420 321 468 1.
351 420 397 468 ur
424 418 561 468 uouere
585 418 743 486 murras,
768 419 880 469 rerer.
907 421 980 470 nv.
1040 399 1109 478 135

97 535 306 612 notationis
337 547 483 633 motum
508 533 718 621 concitare,
743 534 872 604 mirari
893 533 988 608 edeo
1007 539 1108 614 viros

97 650 285 750 quosdam
305 652 631 750 prestantissimos
644 649 776 740 video,
794 665 836 724 ut
852 676 898 723 ex
913 656 1109 732 notissima

95 768 167 842 hae
181 771 284 844 inter
302 767 567 867 diaphragma,
587 783 626 841 et
639 790 749 842 nares
769 768 977 867 sympathia
995 797 1108 871 argu-

95 901 271 961 mentum
281 884 597 984 petantadversus
607 887 692 960 illos
701 887 771 984 qui
782 888 945 985 partium
953 889 1053 965 inter
1068 915 1106 966 ec

97 1029 329 1081 consensum
339 1028 408 1102 per
416 1028 555 1079 nervos
564 1002 885 1102 exponuntutthtl
895 1006 997 1080 euim
1006 1029 1108 1082 ccm-

95 1124 229 1195 mercii
240 1137 312 1210 est,
326 1123 523 1220 inquiunt,
536 1124 660 1194 nervis
671 1119 956 1219 olfactoriisqui
965 1122 1017 1196 ad
1028 1124 1104 1222 pri·

95 1266 203 1314 mum
227 1265 296 1339 par
317 1238 464 1312 cerebri
489 1241 663 1330 attinent,
693 1264 780 1312 eum
813 1239 1105 1340 diaphragmatis

95 1359 864 1458 nervisquiexcervicalibusproveniunt;
880 1357 990 1433 obliti
997 1359 1102 1432 vide·

93 1475 181 1548 lieet
204 1501 410 1548 nervorum
432 1479 499 1576 qui
516 1502 538 1548 a
556 1480 638 1576 pari
652 1476 799 1552 cerebri
822 1476 957 1574 quinto
974 1478 1016 1548 in
1037 1501 1103 1548 na·

93 1594 193 1664 rium
215 1592 474 1668 membranam
493 1596 765 1683 immittuntur,
781 1610 846 1666 aut
863 1593 960 1668 nihil
976 1593 1104 1692 potius

93 1711 294 1808 opinantes
311 1710 412 1784 idem
427 1737 495 1809 par
512 1716 687 1812 quintum
706 1714 753 1784 ad
768 1711 1026 1786 intercostales
1034 1714 1102 1809 qui
1170 1703 1181 1722 Ν

93 1842 231 1898 etcum
244 1827 489 1902 cervicalibus
502 1844 559 1902 tot
570 1829 713 1902 habent
725 1829 1099 1916 communicationes,

93 1959 130 2016 et
156 1969 229 2042 per
252 1943 496 2044 diaphragma
519 1961 739 2035 transeunt,
759 1945 930 2020 attinere.
959 1945 1102 2020 Attiou

92 2076 240 2150 autem,
258 2063 290 2133 si
308 2087 386 2134 nou
403 2087 472 2162 per
488 2062 567 2136 duo
581 2064 645 2138 illa
662 2063 870 2152 filamentu,
882 2086 967 2159 quoe
984 2061 1099 2158 aple-

91 2181 219 2277 risque
235 2194 342 2254 antea
354 2180 611 2278 ponebantur,
622 2196 662 2254 et
674 2181 861 2254 diuturnae
876 2192 1099 2254 coutrover-

92 2297 151 2368 aiae
170 2297 409 2414 occasionem
429 2297 633 2388 dederant,
652 2315 767 2398 atper
778 2293 968 2370 ramulum
978 2315 1098 2393 quem

91 2414 400 2513 diligentissimus
427 2440 635 2490 nervorum
664 2429 922 2517 perscrutator
947 2411 1099 2488 Menke-

90 2531 161 2604 lius
184 2529 242 2628 (1)
257 2526 449 2629 aliquanto
466 2530 652 2606 inferiusa
665 2535 802 2632 quinto
819 2535 859 2610 in
876 2534 1031 2612 eoadem
1043 2535 1099 2608 in·

90 2648 307 2722 tereostales
321 2645 709 2744 utrinqueperduxit3
722 2663 855 2722 utnon
867 2649 984 2724 modo
998 2650 1097 2724 iuter

91 2792 219 2856 naues,
239 2781 466 2864 septumque
493 2778 767 2856 transversum,
796 2767 861 2842 sed
879 2768 978 2840 inter
994 2765 1096 2854 iiius,

91 2899 126 2956 et
137 2885 282 2958 ventris
296 2885 437 2958 viscera
447 2905 674 2956 consensum
685 2884 764 2980 jam
775 2883 884 2960 liceat
898 2883 1096 2981 explicare,

91 3003 192 3076 velut
217 3027 308 3076 eum
326 3025 441 3099 quem
456 3001 497 3074 in
516 3024 675 3098 precere
692 3001 1006 3098 generosissimo,
1023 3024 1095 3097 pro

92 3145 168 3217 que
187 3117 432 3231 ponmtehar,
447 3117 824 3217 anuissuperioribus
837 3115 1093 3192 animadverti.

93 3237 262 3312 Insultus
280 3239 379 3310 enim
397 3235 540 3334 quihtu
557 3251 637 3310 erat
655 3217 861 3325 obnoxius,
883 3235 933 3306 de
952 3233 1096 3333 epilep-

91 3357 257 3430 ticorum
274 3377 432 3452 genere,
458 3377 600 3452 eosque
625 3377 672 3426 er
688 3351 988 3452 hypochomlriis
1005 3352 1098 3426 inci-

93 3475 258 3571 pientes,
277 3493 408 3544 seusus
428 3471 678 3570 praecedebat,
701 3472 774 3571 ipsi
792 3470 1098 3558 molestissimus,

97 3587 226 3664 fetoris
239 3587 457 3684 cujusdam,
481 3611 598 3686 quem
611 3611 726 3662 mmo
740 3587 965 3668 adstantium
976 3587 1099 3687 perci-

132 3875 181 3954 (ι)
200 3873 514 3948 maturrimum.
530 3873 582 3934 des
595 3875 645 3934 Se.
658 3873 694 3934 de
704 3871 820 3946 berlin,
834 3889 883 3932 en.
900 3869 972 3944 1751
984 3911 992 3942 ,
1003 3863 1103 3927 mass.

98 3976 134 4036 de
149 3973 296 4034 rhemos.
307 3976 458 4052 Experim.
