2648 4508
152 433 197 502 72
317 428 364 476 DE
391 427 536 476 SEDIBUS
561 427 606 473 ET
622 422 752 475 *CAUSIS
778 419 990 478 MORBORUM
1035 429 1039 433 ’

139 543 277 616 omnia
297 528 463 640 quatuor
471 541 684 637 lacrymalia
693 557 834 638 puncta
844 545 994 639 penitus
1005 546 1167 619 occlusa·

151 661 325 759 spectavi.
346 665 390 728 In
410 658 525 729 altera
544 673 670 729 autem
681 655 818 730 femina
831 662 891 730 cui
903 662 1041 732 sinistri
1057 663 1158 734 oculi

152 777 251 866 cilia,
277 778 403 848 omnia
431 776 731 872 propemodum,
750 778 877 849 nescio
903 777 1010 874 cujus
1031 778 1159 850 morbi

150 898 188 968 vi
214 894 445 980 exciderant,
469 895 630 964 memini
660 893 750 963 olim
769 893 970 994 lacrymple
996 897 1158 969 alterum

107 1072 110 1078 .
150 1028 356 1114 punctum,
375 1026 411 1082 et
430 1012 496 1109 qui
515 1010 562 1081 ab
576 1012 833 1109 ipso-incipere
848 1011 1032 1103 debebat,
1053 1038 1159 1086 cana·

153 1130 325 1219 liculum,
346 1143 382 1200 et
398 1128 587 1225 reliquum
602 1143 725 1198 totum
738 1154 858 1227 usque
873 1129 919 1200 ad
932 1133 1012 1202 nasi
1026 1132 1158 1219 intima

154 1250 312 1321 ductum
332 1273 411 1317 non
438 1248 587 1319 occlusa
612 1247 747 1334 mod0,
777 1247 841 1318 sed
861 1248 1159 1346 coalescentibus

153 1365 360 1465 parietibus
376 1366 416 1435 in
434 1365 598 1435 solidum
621 1364 866 1462 ligamentum
889 1365 1158 1463 degenerasse,

153 1487 313 1557 alterum
324 1500 449 1555 autem
460 1499 643 1582 punctum
662 1509 749 1555 cum
767 1509 835 1556 suo
853 1485 1060 1557 canaliculo
1080 1511 1158 1557 non

157 1605 279 1676 solum
287 1619 428 1721 patens
443 1604 589 1690 inveni,
607 1601 673 1673 sed
690 1617 726 1672 et
743 1627 874 1673 cavum
885 1605 1082 1700 utriusque
1093 1604 1159 1675 du·

155 1723 221 1823 plo
249 1721 524 1818 quam-soleat,
553 1720 684 1807 latius3
710 1721 853 1819 quippev
879 1721 1160 1819 quod-subiens

157 1839 312 1937 quidem
337 1837 499 1926 humor,
522 1836 587 1909 sed
608 1837 660 1907 ibi
682 1837 884 1911 subsistere
905 1839 1027 1911 donec
1044 1840 1161 1938 digito

157 1952 449 2057 exprimeretur,
464 1970 634 2042 coactus,
651 1957 690 2024 in
710 1980 796 2027 eum
817 1956 973 2027 modum
987 1957 1163 2031 dilatave-

157 2093 225 2148 rat.
246 2083 290 2147 In
308 2076 381 2146 alio
401 2075 527 2146 autem
541 2098 621 2144 non
635 2074 798 2145 memini·
810 2074 925 2145 ullam
942 2072 1053 2186 luisse
1070 2075 1163 2148 dila·

157 2195 358 2280 tationem,
380 2195 441 2263 cui
462 2193 598 2264 ductus
621 2207 783 2288 uterque
807 2189 904 2263 inira
927 2217 1097 2281 saccum,
1121 2209 1163 2265 ut

158 2326 315 2394 vocant,
330 2311 534 2407 impervius
543 2305 788 2385 omninofuit.
799 2309 1016 2408 Optandum
1025 2309 1164 2399 fuisset,

160 2454 181 2499 a
199 2441 341 2525 quanto
356 2428 395 2495 in
418 2427 572 2523 singulis
588 2442 780 2525 tempore,
804 2442 841 2499 et
858 2454 950 2500 num
969 2428 1016 2500 ab
1032 2430 1163 2501 oculo-

160 2569 269 2633 rum,
293 2569 341 2613 an
367 2546 447 2616 nasi
475 2545 615 2616 interni
640 2545 953 2630 inflammatione,
978 2572 1164 2646 suppura-

124 2645 126 2649 ¹
160 2664 286 2751 tione,
307 2663 584 2734 exulceratione
600 2663 679 2736 haec
705 2648 947 2754 accidissent,
965 2681 1001 2737 et
1025 2665 1163 2763 quibus

162 2805 250 2853 cum
270 2766 521 2853 incommodis
536 2783 737 2878 conjuncta
754 2807 995 2880 pernoscere,
1011 2782 1050 2853 id
1061 2781 1165 2882 quod

162 2902 201 2987 in
210 2898 386 2997 plebeiis,
402 2925 566 2999 persaepe
581 2884 739 2999 ignotis,
752 2925 827 2972 nec
839 2899 988 2991 dealio,
1003 2903 1164 3000 nisi·qu0

162 3032 254 3091 tunc
274 3033 482 3117 urgentur,
508 3018 643 3115 morbo
663 3022 703 3090 in
728 3021 957 3092 nosocomiis
970 3023 1084 3118 queri
1108 3039 1164 3093 so-

161 3139 257 3225 litis,
280 3134 417 3209 frustra
431 3152 519 3235 post.
536 3135 683 3208 obitum
697 3138 914 3233 inquiritur.
931 3137 1002 3210 Sed
1024 3139 1166 3211 ducta*

162 3279 252 3324 men
267 3270 366 3325 certa
385 3271 493 3342 sunt,
509 3255 568 3324 his
581 3254 758 3327 omnibus
777 3255 1166 3352 lacrymationemne·

163 3372 324 3443 cessario
342 3369 472 3459 luisse,
489 3369 535 3441 ab
553 3370 671 3443 altero
691 3373 844 3471 quidem
866 3373 977 3444 oculo
994 3374 1166 3446 secundae

163 3487 329 3573 feminae,
356 3487 487 3585 illique
504 3489 611 3578 vir03
631 3492 779 3566 mulieri
808 3507 933 3563 autem
965 3492 1114 3589 primae,
1131 3506 1167 3563 et

161 3609 245 3678 viro
265 3605 354 3695 huic
375 3605 507 3678 ultimo
525 3607 572 3679 ab
598 3625 780 3708 utroque:
796 3635 921 3707 neque
941 3609 1009 3679 ulli
1028 3609 1168 3680 horum

165 3724 383 3822 lacrymales
399 3726 496 3817 vias,
516 3727 610 3800 adeo
627 3728 796 3816 coalitas,
818 3728 975 3798 reserari
988 3728 1166 3825 potuisse.

216 3843 272 3914 28.
309 3846 353 3913 In
381 3843 453 3916 illis
479 3860 604 3916 autem
628 3844 984 3941 lacrymationibus,
1006 3869 1168 3941 quarum

166 3984 282 4035 causae
300 3976 386 4035 sunt
402 3961 613 4036 autharum
625 3964 770 4036 viarum
787 3962 1086 4052 obstructiones,
1105 3976 1170 4034 aut
