2812 4660
259 421 330 496 358
429 447 476 493 nr
502 441 648 494 crotous
673 445 717 492 rr
744 441 868 490 crusis
893 441 1104 491 norinorum

260 565 457 632 transversi
474 558 582 655 digiti
597 555 852 656 spissitudine,
874 555 1000 630 colore
1016 573 1054 628 et
1062 562 1186 657 specie
1194 555 1267 629 lar·

205 725 208 731 «
258 677 308 749 do
328 676 438 748 suillo
456 677 601 748 elnam
628 699 705 745 non
725 675 911 748 absimilis.
930 677 1022 766 Quae
1039 701 1126 748 cum
1141 675 1266 774 legeS,

257 796 369 867 velim
394 793 563 867 attendas
582 819 662 864 non
688 791 810 864 solum
827 792 867 863 id
886 793 992 890 quod
1013 792 1169 866 evidens
1190 807 1267 883 cst,

258 914 539 986 concretionem
555 913 664 984 istam
674 907 786 982 fuisse
798 910 1266 1009 duplicem,verumetiam

251 1051 305 1101 ‘nn
324 1032 467 1102 circum
479 1029 650 1126 undique
664 1028 777 1100 ducta
791 1025 903 1100 fuisse
915 1028 1096 1100 videatur.
1108 1028 1268 1100 Eadem·

258 1173 332 1246 que
356 1145 412 1220 fac
436 1143 605 1230 attendes
626 1147 665 1220 in
691 1143 797 1217 facile
823 1147 945 1244 prima
967 1145 1117 1218 dissecti
1149 1161 1266 1218 aortae

257 1267 527 1363 uneurysmatis
536 1280 617 1338 tum
628 1263 892 1352 delineatione,
899 1289 981 1362 quae
993 1265 1134 1336 exlliva
1148 1263 1267 1361 esdr),

257 1399 337 1459 tum
357 1383 549 1481 pleniore,
569 1405 682 1482 quam
700 1381 912 1478 Ruysehius
926 1381 981 1479 (2)
998 1381 1102 1454 dedit
1114 1383 1267 1455 tunica-

257 1525 342 1572 rum
357 1500 444 1597 (seu
457 1501 583 1598 potius
597 1500 906 1597 concretionu-m)
919 1495 1266 1572 innumerabilium

260 1641 504 1690 carnotorum
521 1619 795 1715 descriptione,
816 1641 897 1715 quoe
912 1624 1024 1715 quasi
1040 1616 1267 1688 lamellatim

259 1736 466 1834 dispositae,
497 1759 721 1832 aneurysma
752 1733 977 1806 conflabant.
1011 1737 1119 1806 Mitto
1149 1735 1266 1822 ilias,

258 1879 341 1953 quae
360 1869 448 1926 sunt
464 1869 595 1952 postea
612 1852 737 1940 editu,
754 1854 969 1950 inquorum
985 1851 1146 1949 aliquot,
1160 1853 1266 1924 velut

258 1972 297 2042 in
313 1974 381 2044 ista
398 1972 589 2059 Valsalvae,
603 1986 810 2068 utrumque
820 1995 953 2041 eorum
972 1995 1054 2067 quoe
1068 1969 1169 2058 dixi,
1184 1995 1264 2043 non

259 2087 412 2166 difficile
432 2113 452 2160 a
470 2105 505 2161 te
523 2103 646 2187 potest
662 2089 823 2187 agnosci.
838 2087 951 2178 Quod
967 2089 996 2160 si
1010 2102 1083 2175 est,
1100 2101 1144 2160 ut
1163 2102 1263 2160 certe

259 2232 305 2279 ex
327 2209 420 2279 meis
441 2231 593 2304 quoque
613 2205 939 2278 observationibus
960 2204 1062 2278 haud
1084 2226 1173 2277 raro
1192 2221 1264 2295 est,

259 2326 299 2394 in
318 2327 362 2397 iis
379 2326 582 2423 praesertim
604 2324 949 2424 ancurysmatibus,
968 2307 1051 2422 quie
1071 2325 1170 2396 sacci
1188 2326 1264 2396 ins·

259 2457 318 2514 tar
340 2442 389 2514 ab
414 2445 549 2517 arteria
568 2443 829 2542 propendent3
852 2444 1007 2517 minime
1025 2467 1136 2540 grave
1161 2441 1262 2515 futu·

258 2584 344 2630 rum
361 2581 472 2656 spero
486 2559 723 2647 doctissime,
742 2562 891 2658 meique
911 2561 1136 2633 amicissimo
1157 2561 1261 2647 viru,

261 2676 291 2747 si
309 2676 376 2747 has
389 2674 518 2748 saltem
537 2680 817 2768 concretiones,
838 2700 930 2750 amc
945 2700 1100 2776 quoque
1114 2678 1262 2776 olimlt)

258 2793 483 2890 descriptas,
499 2793 638 2866 habero
653 2801 808 2894 pergam
821 2819 891 2895 pro
905 2796 1048 2896 polypo
1061 2810 1147 2868 ante
1159 2820 1261 2867 mon·

258 2925 335 2981 tem
351 2909 558 2985 efformato.
569 2915 701 3012 Neque
716 2915 816 2990 enim
831 2939 901 3012 pro
918 2916 1022 2986 nario
1037 2912 1261 2985 cadaverum

258 3029 386 3124 positu
409 3030 579 3104 invenire
603 3031 735 3102 solitus
759 3055 839 3102 sum
868 3030 915 3102 ad
939 3030 1262 3128 unamaliquam,

258 3145 375 3217 modo
389 3145 509 3234 hanc,
530 3147 646 3220 modo
660 3147 761 3218 illam
780 3146 946 3246 plagam,
962 3145 1027 3221 sed
1046 3149 1086 3218 in
1102 3148 1259 3219 immoto

258 3264 369 3333 etiam
385 3263 564 3336 cadavere
580 3265 722 3337 circum
732 3265 904 3364 undique
919 3266 1077 3352 locatas,
1095 3281 1131 3337 et
1141 3265 1259 3337 adhae·

256 3395 407 3468 rentes,
438 3406 574 3480 easque
598 3384 724 3454 colore
750 3383 917 3482 quodam
947 3383 1093 3472 lurid0‚
1118 3384 1256 3456 nedum

257 3495 448 3588 obsolet03
477 3500 681 3576 substantia
713 3516 839 3574 autern
867 3501 1178 3600 praetermodum
1197 3527 1256 3573 ex-

295 3780 339 3858 (1)
361 3784 436 3858 Eph.
455 3785 492 3838 Ν.
511 3783 544 3839 C.
560 3784 632 3838 Dec.
652 3786 722 3854 1,A
737 3805 766 3856 1,
779 3785 844 3842 obs.
862 3785 909 3844 18.

294 3881 337 3958 (α)
358 3883 429 3939 Obs.
445 3885 532 3938 Anat.
546 3882 626 3938 Chir.
642 3882 690 3939 38.

292 3979 337 4058 (3)
357 3981 483 4038 Advers.
501 3999 536 4053 2,
550 3981 707 4050 Animadv.
723 3988 770 4048 41.
