2812 4660
319 443 388 542 37²
483 467 528 514 00
555 463 700 513 sturnus
725 465 768 511 rr
794 463 917 513 crusis
942 452 1153 516 uonronuir

317 595 439 653 essent
454 578 663 677 inaequales.
681 582 774 649 Cum
792 601 893 648 mors
909 579 1032 664 vicina
1046 578 1141 650 adeo
1167 607 1246 652 non
1264 583 1310 651 vi-

316 697 484 786 deretur,
498 693 629 765 viridia
644 695 820 781 evomuit,
837 709 873 764 et
885 693 983 765 intra
995 693 1096 767 horae
1107 697 1312 786 dimidium,

315 840 361 887 ex
375 839 452 911 quo
465 826 634 898 venerat,
651 812 776 880 vivere
791 811 910 882 desiit.

362 930 544 1015 Cadaver,
560 943 601 998 ut
616 943 817 997 anatomen
843 925 1081 1019 inchoarem,
1104 933 1144 1000 in
1165 954 1311 1028 gymna-

314 1051 410 1122 sium
435 1046 619 1132 delatum,
644 1046 864 1143 inspiciens,
892 1044 1024 1116 habitu
1050 1046 1127 1117 vidi
1151 1050 1205 1120 sic
1234 1050 1313 1120 satis

311 1165 509 1252 laudabili,
524 1165 693 1261 quamvis
709 1164 853 1233 minuta
867 1161 1004 1251 scabie,
1014 1180 1051 1236 et
1065 1165 1194 1236 colore
1208 1165 1311 1261 quasi

313 1282 516 1355 cachectici
539 1278 718 1350 foedatum
739 1294 852 1367 esset,
873 1279 1032 1376 pedibus
1054 1296 1181 1352 tamen
1205 1283 1311 1352 mini-

311 1425 371 1471 me
394 1397 558 1469 tumidis.
577 1401 717 1469 Ventre
737 1411 887 1492 aperto,
908 1398 947 1466 in
973 1423 1050 1495 quo
1065 1423 1234 1496 paucum
1256 1423 1310 1471 se·

310 1540 396 1587 rum
416 1513 686 1585 subcruentum
707 1509 867 1584 effusum
888 1530 984 1604 erat,
1003 1541 1137 1614 magna
1156 1541 1247 1614 pars
1257 1519 1309 1588 in·

308 1635 532 1705 testinorum
543 1632 711 1702 tenuium
729 1655 774 1700 ex
791 1627 895 1702 fusco
906 1630 1118 1704 subrubeus
1136 1658 1309 1733 conspec-

309 1767 346 1824 ta
363 1764 434 1838 est3
453 1750 567 1820 colon
590 1763 714 1818 autem
733 1746 781 1817 ad
798 1761 958 1819 tractum
977 1774 1056 1819 non
1075 1775 1258 1846 parvum,
1275 1765 1307 1821 et

307 1867 513 1967 praesertim
523 1891 596 1963 qua
613 1890 633 1935 a
648 1863 801 1935 dextero
819 1865 865 1936 ad
883 1867 1073 1938 sinistrum
1090 1866 1306 1966 hypochon·

308 1985 432 2056 drium
445 1982 581 2070 fertur,
598 1982 693 2054 00100
712 1997 967 2072 contractum,
987 2000 1118 2057 utnon
1135 1987 1247 2058 valde
1257 2011 1307 2060 su·

307 2095 455 2200 peraret
482 2101 765 2172 crassitudinem
785 2100 889 2198 digiti
906 2103 1062 2199 pollicis.
1086 2107 1307 2178 Contractus

308 2244 462 2318 quoque
481 2218 735 2304 ventriculus,
758 2219 859 2289 intus
879 2243 969 2290 vero
989 2222 1087 2292 striis
1104 2220 1307 2293 inflamma·

308 2335 486 2407 toriishic
501 2335 597 2421 illic,
613 2348 649 2404 et
665 2335 900 2431 potissimum
911 2337 950 2406 in
961 2339 1081 2433 rugis,
1097 2336 1307 2427 distinctus,

307 2455 500 2550 superiore
519 2467 644 2526 autem
658 2449 802 2522 orificio
814 2453 890 2548 jain
907 2453 1036 2540 livido,
1050 2469 1085 2525 et
1096 2454 1306 2554 subnigros·

307 2585 435 2653 cente3
450 2568 536 2639 bilis
552 2565 652 2637 ssavae
669 2569 810 2666 aliquid
828 2569 1068 2642 continebat:
1087 2596 1172 2668 quae
1192 2575 1233 2642 10
1244 2597 1305 2644 sua

304 2685 467 2756 vesicula
486 2685 553 2755 etsi
575 2685 761 2782 nigricans
784 2701 1000 2784 appareret,
1025 2687 1154 2758 colore
1181 2705 1304 2761 tamen

305 2817 465 2876 saturate
481 2827 616 2874 croceo
634 2803 855 2891 vesiculam,
872 2820 908 2875 et
922 2805 1094 2874 viciniam
1114 2804 1301 2878 infecerat.

301 2921 395 2995 Lien
409 2946 517 3018 aequo
531 2921 708 3004 crassior,
720 2945 831 2992 sanus
843 2935 987 3009 tamen,
1003 2938 1110 3020 septo
1120 2937 1302 2996 transver-

301 3065 343 3114 so
358 3053 433 3109 tota
448 3035 538 3108 facie
558 3037 670 3135 gibba
686 3038 912 3108 validissime
927 3038 1211 3110 annectebatur.
1231 3045 1301 3111 Prae
1397 3104 1398 3120 ,

299 3157 439 3228 caeteris
451 3153 668 3225 incurrebat
682 3159 720 3223 in
744 3155 875 3226 oculos
892 3157 1052 3227 tenuitas
1069 3159 1216 3228 arteriae
1233 3181 1301 3227 rna·
1397 3136 1398 3192 1

301 3299 381 3371 gnae
404 3297 485 3370 quae
509 3272 556 3343 ab
578 3297 623 3342 eo
640 3287 746 3368 septo
756 3271 802 3341 ad
821 3271 1041 3346 divisionem
1060 3287 1299 3370 000100,ωο-

298 3390 595 3487 110000100“10ος15
613 3391 850 3459 convenisset
861 3415 974 3485 quarn
988 3392 1070 3461 viro
1082 3416 1228 3489 magnae
1235 3417 1298 3491 po·

297 3507 393 3591 tius,
416 3519 458 3574 ut
468 3505 549 3592 hic,
570 3519 737 3576 staturae:
757 3529 869 3600 quam
882 3531 952 3603 ego
963 3507 1183 3580 tenuitatem
1199 3534 1299 3580 eram

278 3673 281 3678 -
299 3647 344 3694 ex
362 3646 406 3692 eo
424 3619 577 3693 fortasse
590 3622 836 3719 repetiturus,
852 3621 954 3718 quod
973 3623 1034 3693 hic
1048 3639 1152 3694 aorta
1168 3651 1247 3697 non
1259 3641 1300 3697 ut

299 3739 409 3826 solet,
438 3737 507 3808 sub
539 3762 629 3806 arcu
642 3738 906 3836 appendicum
940 3739 1234 3840 diaphragmatis
1260 3744 1299 3814 in
1396 3809 1397 3830 ,

296 3879 416 3926 unum
438 3855 764 3939 convenientium,
783 3857 857 3926 sive
881 3880 959 3926 non
978 3881 1046 3954 per
1062 3857 1299 3930 dimidiatum

294 3972 483 4060 foramen,
499 3970 565 4050 sed
578 3993 648 4068 per
665 3969 834 4046 foramen
850 3973 1033 4048 transibat
1048 3975 1088 4046 in
1104 3993 1296 4064 ventrem3
