2832 4662
152 432 220 480 nm.
248 395 289 478 nss
316 423 883 490 nnuonnrsrnonicrs,nr1sr.
910 428 983 475 xix.
1013 405 1083 482 513

79 549 199 620 tiusve
212 554 475 643 putrescerent
493 565 501 608 :
520 537 600 610 hac
619 539 719 612 enim
733 541 798 636 qui
809 557 1005 635 verentur,
1025 571 1084 636 ea,

80 664 235 762 opinor,
247 659 427 733 cadavera
437 656 670 756 intelligunt,
682 680 765 754 quae
777 656 920 731 diutius
932 660 971 730 in
987 685 1086 759 aqua

79 779 238 864 fuerint,
258 792 298 848 ut
316 773 547 850 cessantibus
565 773 761 845 nonnullis
783 777 902 848 causis
922 802 1005 875 quae
1029 780 1088 850 in·

77 913 230 969 ternum
245 919 369 968 aerem
385 889 584 966 servabant
595 915 871 990 compressum,
885 893 949 966 hie
955 896 1033 992 jam
1047 920 1087 970 se

78 1040 116 1087 se
138 1013 298 1112 explicet
314 1027 427 1108 atque
449 1008 652 1107 expandat,
673 1024 716 1080 ut
735 1008 887 1084 credere
911 1036 997 1084 cum
1018 1012 1088 1086 cel.

78 1133 238 1206 Senacio
263 1130 298 1227 (1
285 1128 319 1226 1)
344 1128 548 1213 malumus,
573 1151 687 1224 quam
710 1126 757 1198 ab
779 1151 877 1225 aqua
897 1154 967 1230 per
990 1132 1087 1203 cutis

77 1272 197 1349 poros
214 1246 401 1320 subeunte
419 1245 521 1316 illam
536 1244 738 1316 voluminis
753 1245 1088 1368 amplificationem
1209 1320 1212 1332 ,

77 1379 270 1466 repetere,
291 1364 341 1437 ob
357 1387 470 1462 quam
494 1361 777 1434 submersorum
794 1389 955 1463 corpora
970 1393 990 1440 e
1007 1365 1091 1440 lun-

80 1483 130 1556 do
151 1496 315 1569 enatent,
332 1482 370 1551 in
383 1504 607 1575 summoque
616 1495 832 1552 consistant
842 1485 973 1579 Neque
986 1485 1093 1557 cada·

77 1625 190 1688 vera,
219 1600 293 1670 nisi
316 1597 501 1685 recentia,
531 1594 706 1694 optabat,
732 1611 773 1668 ut
794 1611 907 1694 puto,
929 1601 1095 1676 lacobus

35 1793 38 1802 ,
79 1718 225 1816 Sylvius
244 1714 320 1812 (a),
345 1714 411 1811 qui
429 1711 628 1783 bominum
647 1715 754 1810 aquis
775 1737 989 1792 mersorum
1012 1742 1093 1790 cor·

79 1858 177 1934 pora
191 1827 330 1906 caeteris
347 1828 596 1918 anteferebat,
616 1828 719 1926 quod
735 1831 774 1904 iu
788 1829 846 1902 bis
862 1835 991 1904 omnia
1005 1849 1102 1907 sunt·

80 1956 230 2050 integra
241 2005 251 2038 ,
267 1955 302 2022 si
315 1973 428 2046 aquoe
441 1971 619 2043 magnam
635 1952 715 2019 vim
729 1971 778 2018 ec
789 1948 996 2020 ventriculo
1016 1976 1094 2022 mo

83 2073 196 2142 nibus
210 2090 418 2164 compresso
426 2063 753 2162 peraesoplzagum
764 2064 963 2157 effuderis:
974 2093 1094 2165 quan-

81 2211 202 2286 quam
230 2185 308 2253 haec
340 2183 419 2280 ipsa
447 2183 617 2279 exceptio
649 2180 778 2277 Sylvii,
808 2181 1097 2258 adversantibus

81 2303 297 2375 inultorum
319 2297 664 2387 observationibus,
690 2323 784 2398 saepe
804 2299 874 2372 tibi
895 2303 1021 2375 minus
1039 2305 1095 2374 vi-

82 2416 241 2490 debitur
256 2417 472 2498 necessaria.
484 2418 577 2486 Nam
594 2416 780 2502 Platerus,
793 2418 901 2494 sicuti
911 2419 951 2492 iu
966 2419 1095 2517 Sepul·
1181 2469 1185 2476 -

84 2532 222 2606 chreto
237 2531 291 2628 (3)
310 2531 440 2621 habes,
459 2533 658 2629 aliquoties
679 2549 876 2631 expertus,
894 2537 1094 2633 paululum

83 2649 268 2724 duntaxat
286 2673 391 2748 aquae
402 2651 440 2720 in
456 2674 588 2722 eorum
602 2651 814 2722 ventriculo
825 2651 1093 2751 deprehendit:

86 2781 132 2840 ut
150 2766 197 2839 ab
209 2791 328 2864 aqua,
346 2760 443 2838 aeris
457 2769 542 2839 loco
556 2769 595 2840 in
611 2770 784 2840 arteriam
801 2793 972 2867 asperam
985 2771 1095 2870 illap-

86 2908 146 2972 sa,
162 2898 333 2954 mortuos
347 2885 474 2979 potius
493 2883 729 2956 existimaret.
745 2882 817 2954 Sed
828 2885 1026 2982 Wepferus
1037 2887 1093 2983 (4)

86 3003 128 3073 in
152 3001 349 3072 submerso
369 3014 512 3071 castore
531 3025 579 3070 ne
604 3001 644 3068 in
670 2998 917 3096 pulmonibus
940 3001 1096 3096 quidem

26 3181 29 3190 .
87 3120 234 3189 invenit
244 3153 261 3204 ‚·
271 3131 308 3188 et
324 3114 636 3188 Waldschmidius
649 3113 703 3211 (5)
717 3114 870 3185 tandem
882 3122 920 3185 in
931 3118 1096 3190 submer-

86 3240 138 3308 sis
154 3259 203 3306 ne
218 3231 406 3332 guttulam
424 3232 574 3330 quidem
597 3256 709 3328 aquoe
732 3236 770 3300 in
786 3231 1012 3320 ventriculO,
1030 3245 1100 3306 aut

200 3581 277 3637 Hut.
295 3579 458 3636 del'bcad
470 3582 545 3654 Roy
562 3579 694 3652 desse,
710 3597 758 3637 an.
776 3577 860 3650 1725

148 3578 277 3757 allsag.
294 3690 373 3738 anat.
389 3681 409 3734 l.
422 3679 453 3747 3,
468 3697 494 3734 e
511 3679 579 3734 23.

168 3777 278 3856 )Sect
296 3777 400 3848 baca,
416 3779 481 3834 obs.
500 3784 548 3846 44.

172 4101 193 4150 2

149 3887 167 3947 4
202 3875 278 3952 Eph.
293 3881 331 3936 N.
346 3880 380 3936 C.
399 3881 468 3935 Dec.
487 3898 513 3948 1,
526 3873 693 3946 A.2,0bs.
707 3873 776 3934 251.

150 3977 167 4036 5
201 3973 752 4051 Earnmd.Dec.o,A.6,obs.153.

197 4129 206 4148 .
827 4070 932 4146 -33

130 3581 162 3660 (1

133 3680 166 3857 l}

134 3878 147 3956 (

133 3978 147 4056 l
