<?xml version="1.0" encoding="UTF-8"?>
<!DOCTYPE html PUBLIC "-//W3C//DTD XHTML 1.0 Transitional//EN"
    "http://www.w3.org/TR/xhtml1/DTD/xhtml1-transitional.dtd">
<html xmlns="http://www.w3.org/1999/xhtml" xml:lang="en" lang="en">
 <head>
  <title>
</title>
<meta http-equiv="Content-Type" content="text/html;charset=utf-8" />
  <meta name='ocr-system' content='tesseract 3.04.00' />
  <meta name='ocr-capabilities' content='ocr_page ocr_carea ocr_par ocr_line ocrx_word'/>
</head>
<body>
  <div class='ocr_page' id='page_1' title='image "./desedibusetcaus00chaugoog_0041.png"; bbox 0 0 2842 4672; ppageno 0'>
   <div class='ocr_carea' id='block_1_1' title="bbox 298 339 1216 431">
    <p class='ocr_par' dir='ltr' id='par_1_1' title="bbox 298 339 1216 431">
     <span class='ocr_line' id='line_1_1' title="bbox 298 339 1216 431; baseline -0.004 0"><span class='ocrx_word' id='word_1_1' title='bbox 298 357 345 431; x_wconf 76' lang='lat'><strong>32</strong></span> <span class='ocrx_word' id='word_1_2' title='bbox 464 380 511 428; x_wconf 76' lang='lat' dir='ltr'><strong>na</strong></span> <span class='ocrx_word' id='word_1_3' title='bbox 537 377 683 426; x_wconf 73' lang='lat' dir='ltr'><strong>saumas</strong></span> <span class='ocrx_word' id='word_1_4' title='bbox 708 377 752 424; x_wconf 77' lang='lat' dir='ltr'><strong>m</strong></span> <span class='ocrx_word' id='word_1_5' title='bbox 777 373 901 424; x_wconf 73' lang='lat' dir='ltr'><strong>cauus</strong></span> <span class='ocrx_word' id='word_1_6' title='bbox 926 376 1136 428; x_wconf 81' lang='lat' dir='ltr'><strong>nonnonuu</strong></span> <span class='ocrx_word' id='word_1_7' title='bbox 1214 339 1216 344; x_wconf 33' lang='lat'><strong><em>¹</em></strong></span> 
     </span>
    </p>
   </div>
   <div class='ocr_carea' id='block_1_2' title="bbox 278 477 1301 1412">
    <p class='ocr_par' dir='ltr' id='par_1_2' title="bbox 278 477 1301 1412">
     <span class='ocr_line' id='line_1_2' title="bbox 295 477 1301 590; baseline -0.007 -24"><span class='ocrx_word' id='word_1_8' title='bbox 295 511 377 584; x_wconf 84' lang='lat' dir='ltr'><strong>tur3</strong></span> <span class='ocrx_word' id='word_1_9' title='bbox 394 495 425 564; x_wconf 89' lang='lat' dir='ltr'><strong>is</strong></span> <span class='ocrx_word' id='word_1_10' title='bbox 443 517 531 564; x_wconf 86' lang='lat' dir='ltr'><strong>sane</strong></span> <span class='ocrx_word' id='word_1_11' title='bbox 548 487 703 562; x_wconf 83' lang='lat' dir='ltr'><strong>refutari</strong></span> <span class='ocrx_word' id='word_1_12' title='bbox 723 515 803 561; x_wconf 91' lang='lat' dir='ltr'><strong>non</strong></span> <span class='ocrx_word' id='word_1_13' title='bbox 823 491 971 587; x_wconf 86' lang='lat' dir='ltr'><strong>poterit.</strong></span> <span class='ocrx_word' id='word_1_14' title='bbox 991 493 1085 564; x_wconf 87' lang='lat' dir='ltr'><strong>Nam</strong></span> <span class='ocrx_word' id='word_1_15' title='bbox 1105 477 1301 590; x_wconf 83' lang='lat' dir='ltr'><strong>quomodo</strong></span> 
     </span>
     <span class='ocr_line' id='line_1_3' title="bbox 290 607 1301 706; baseline -0.007 -22"><span class='ocrx_word' id='word_1_16' title='bbox 290 626 360 684; x_wconf 81' lang='lat' dir='ltr'><strong>aut</strong></span> <span class='ocrx_word' id='word_1_17' title='bbox 373 611 586 683; x_wconf 77' lang='lat' dir='ltr'><strong>simuleum</strong></span> <span class='ocrx_word' id='word_1_18' title='bbox 606 607 708 678; x_wconf 88' lang='lat' dir='ltr'><strong>oculi</strong></span> <span class='ocrx_word' id='word_1_19' title='bbox 725 608 969 705; x_wconf 82' lang='lat' dir='ltr'><strong>corruptione</strong></span> <span class='ocrx_word' id='word_1_20' title='bbox 983 633 1065 706; x_wconf 87' lang='lat' dir='ltr'><strong>quae</strong></span> <span class='ocrx_word' id='word_1_21' title='bbox 1075 607 1301 680; x_wconf 52' lang='lat' dir='ltr'><strong>ab&#39;externis</strong></span> 
     </span>
     <span class='ocr_line' id='line_1_4' title="bbox 278 725 1301 823; baseline -0.006 -23"><span class='ocrx_word' id='word_1_22' title='bbox 278 729 416 800; x_wconf 84' lang='lat' dir='ltr'><strong>¹causis</strong></span> <span class='ocrx_word' id='word_1_23' title='bbox 440 726 641 823; x_wconf 84' lang='lat' dir='ltr'>inceperit,</span> <span class='ocrx_word' id='word_1_24' title='bbox 661 748 699 796; x_wconf 88' lang='lat' dir='ltr'><strong>se</strong></span> <span class='ocrx_word' id='word_1_25' title='bbox 720 726 828 795; x_wconf 86' lang='lat' dir='ltr'><strong>nervi</strong></span> <span class='ocrx_word' id='word_1_26' title='bbox 851 726 1066 797; x_wconf 81' lang='lat' dir='ltr'><strong>extenuatio</strong></span> <span class='ocrx_word' id='word_1_27' title='bbox 1088 725 1195 797; x_wconf 87' lang='lat' dir='ltr'><strong>aliter</strong></span> <span class='ocrx_word' id='word_1_28' title='bbox 1213 749 1301 795; x_wconf 90' lang='lat' dir='ltr'><strong>con·</strong></span> 
     </span>
     <span class='ocr_line' id='line_1_5' title="bbox 290 839 1298 944; baseline -0.005 -27"><span class='ocrx_word' id='word_1_29' title='bbox 290 847 442 944; x_wconf 84' lang='lat' dir='ltr'><strong>jungat,</strong></span> <span class='ocrx_word' id='word_1_30' title='bbox 467 859 530 915; x_wconf 88' lang='lat' dir='ltr'><strong>aut</strong></span> <span class='ocrx_word' id='word_1_31' title='bbox 547 842 626 913; x_wconf 86' lang='lat' dir='ltr'><strong>haec</strong></span> <span class='ocrx_word' id='word_1_32' title='bbox 642 843 682 912; x_wconf 92' lang='lat' dir='ltr'><strong>in</strong></span> <span class='ocrx_word' id='word_1_33' title='bbox 705 841 942 915; x_wconf 76' lang='lat' dir='ltr'><strong>adolescente</strong></span> <span class='ocrx_word' id='word_1_34' title='bbox 959 843 1024 915; x_wconf 87' lang='lat' dir='ltr'><strong>illo</strong></span> <span class='ocrx_word' id='word_1_35' title='bbox 1045 844 1097 914; x_wconf 88' lang='lat' dir='ltr'><strong>sie</strong></span> <span class='ocrx_word' id='word_1_36' title='bbox 1114 844 1201 915; x_wconf 90' lang='lat' dir='ltr'><strong>satis</strong></span> <span class='ocrx_word' id='word_1_37' title='bbox 1216 839 1298 913; x_wconf 83' lang='lat' dir='ltr'><strong>fue-</strong></span> 
     </span>
     <span class='ocr_line' id='line_1_6' title="bbox 291 958 1296 1057; baseline -0.005 -21"><span class='ocrx_word' id='word_1_38' title='bbox 291 966 378 1036; x_wconf 86' lang='lat' dir='ltr'><strong>rita</strong></span> <span class='ocrx_word' id='word_1_39' title='bbox 397 960 544 1034; x_wconf 88' lang='lat' dir='ltr'><strong>Vesalio</strong></span> <span class='ocrx_word' id='word_1_40' title='bbox 568 959 621 1057; x_wconf 87' lang='lat'><strong>(1)</strong></span> <span class='ocrx_word' id='word_1_41' title='bbox 641 958 919 1047; x_wconf 85' lang='lat' dir='ltr'><strong>animadversa,</strong></span> <span class='ocrx_word' id='word_1_42' title='bbox 946 961 1007 1031; x_wconf 93' lang='lat' dir='ltr'><strong>cui</strong></span> <span class='ocrx_word' id='word_1_43' title='bbox 1033 961 1296 1032; x_wconf 84' lang='lat' dir='ltr'><strong>oculumante</strong></span> 
     </span>
     <span class='ocr_line' id='line_1_7' title="bbox 294 1075 1299 1177; baseline -0.004 -25"><span class='ocrx_word' id='word_1_44' title='bbox 294 1105 438 1152; x_wconf 85' lang='lat' dir='ltr'><strong>annum</strong></span> <span class='ocrx_word' id='word_1_45' title='bbox 463 1093 611 1150; x_wconf 82' lang='lat' dir='ltr'><strong>eruerat</strong></span> <span class='ocrx_word' id='word_1_46' title='bbox 638 1075 829 1150; x_wconf 83' lang='lat' dir='ltr'><strong>carnifex?</strong></span> <span class='ocrx_word' id='word_1_47' title='bbox 854 1076 954 1148; x_wconf 89' lang='lat' dir='ltr'><strong>Illud</strong></span> <span class='ocrx_word' id='word_1_48' title='bbox 981 1093 1162 1177; x_wconf 76' lang='lat' dir='ltr'><strong>praetereo</strong></span> <span class='ocrx_word' id='word_1_49' title='bbox 1194 1078 1299 1176; x_wconf 93' lang='lat' dir='ltr'><strong>quod</strong></span> 
     </span>
     <span class='ocr_line' id='line_1_8' title="bbox 291 1193 1297 1293; baseline -0.005 -25"><span class='ocrx_word' id='word_1_50' title='bbox 291 1196 382 1270; x_wconf 84' lang='lat' dir='ltr'><strong>alias</strong></span> <span class='ocrx_word' id='word_1_51' title='bbox 390 1195 443 1293; x_wconf 82' lang='lat'><strong>(2)</strong></span> <span class='ocrx_word' id='word_1_52' title='bbox 454 1193 714 1266; x_wconf 85' lang='lat' dir='ltr'><strong>observatione</strong></span> <span class='ocrx_word' id='word_1_53' title='bbox 730 1194 874 1292; x_wconf 87' lang='lat' dir='ltr'><strong>duplici</strong></span> <span class='ocrx_word' id='word_1_54' title='bbox 889 1194 1102 1284; x_wconf 87' lang='lat' dir='ltr'><strong>ostendam,</strong></span> <span class='ocrx_word' id='word_1_55' title='bbox 1115 1219 1297 1269; x_wconf 89' lang='lat' dir='ltr'><strong>nonnun-</strong></span> 
     </span>
     <span class='ocr_line' id='line_1_9' title="bbox 293 1312 1298 1412; baseline -0.001 -29"><span class='ocrx_word' id='word_1_56' title='bbox 293 1337 408 1412; x_wconf 86' lang='lat' dir='ltr'><strong>quam</strong></span> <span class='ocrx_word' id='word_1_57' title='bbox 422 1312 622 1384; x_wconf 79' lang='lat' dir='ltr'><strong>extenuari</strong></span> <span class='ocrx_word' id='word_1_58' title='bbox 648 1336 806 1383; x_wconf 87' lang='lat' dir='ltr'><strong>nervum</strong></span> <span class='ocrx_word' id='word_1_59' title='bbox 832 1313 1021 1410; x_wconf 89' lang='lat' dir='ltr'><strong>opticum‚</strong></span> <span class='ocrx_word' id='word_1_60' title='bbox 1044 1337 1114 1384; x_wconf 91' lang='lat' dir='ltr'><strong>nec</strong></span> <span class='ocrx_word' id='word_1_61' title='bbox 1129 1336 1298 1410; x_wconf 40' lang='lat' dir='ltr'><strong>¹respon-</strong></span> 
     </span>
    </p>
   </div>
   <div class='ocr_carea' id='block_1_3' title="bbox 183 1425 1297 1526">
    <p class='ocr_par' dir='ltr' id='par_1_3' title="bbox 183 1425 1297 1526">
     <span class='ocr_line' id='line_1_10' title="bbox 183 1425 1297 1526; baseline -0.004 -23"><span class='ocrx_word' id='word_1_62' title='bbox 183 1489 185 1494; x_wconf 67' lang='lat'>,</span> <span class='ocrx_word' id='word_1_63' title='bbox 292 1429 446 1502; x_wconf 87' lang='lat' dir='ltr'><strong>dentem</strong></span> <span class='ocrx_word' id='word_1_64' title='bbox 462 1429 637 1517; x_wconf 82' lang='lat' dir='ltr'><strong>oculum3</strong></span> <span class='ocrx_word' id='word_1_65' title='bbox 661 1428 766 1526; x_wconf 93' lang='lat' dir='ltr'><strong>quod</strong></span> <span class='ocrx_word' id='word_1_66' title='bbox 781 1429 943 1519; x_wconf 80' lang='lat' dir='ltr'><strong>mireris,</strong></span> <span class='ocrx_word' id='word_1_67' title='bbox 960 1452 1100 1501; x_wconf 82' lang='lat' dir='ltr'><strong>caecum</strong></span> <span class='ocrx_word' id='word_1_68' title='bbox 1116 1425 1207 1500; x_wconf 81' lang='lat' dir='ltr'><strong>[ieri.</strong></span> <span class='ocrx_word' id='word_1_69' title='bbox 1224 1431 1297 1498; x_wconf 80' lang='lat' dir='ltr'><strong>Sae-</strong></span> 
     </span>
    </p>
   </div>
   <div class='ocr_carea' id='block_1_4' title="bbox 228 1545 1345 2947">
    <p class='ocr_par' dir='ltr' id='par_1_4' title="bbox 228 1545 1295 1997">
     <span class='ocr_line' id='line_1_11' title="bbox 228 1545 1294 1647; baseline -0.001 -28"><span class='ocrx_word' id='word_1_70' title='bbox 228 1629 230 1634; x_wconf 45' lang='grc'>,</span> <span class='ocrx_word' id='word_1_71' title='bbox 292 1573 341 1647; x_wconf 90' lang='lat' dir='ltr'><strong>pe</strong></span> <span class='ocrx_word' id='word_1_72' title='bbox 356 1563 482 1619; x_wconf 86' lang='lat' dir='ltr'><strong>tamen</strong></span> <span class='ocrx_word' id='word_1_73' title='bbox 502 1550 582 1646; x_wconf 87' lang='lat' dir='ltr'><strong>ipsa</strong></span> <span class='ocrx_word' id='word_1_74' title='bbox 598 1548 705 1618; x_wconf 87' lang='lat' dir='ltr'><strong>nervi</strong></span> <span class='ocrx_word' id='word_1_75' title='bbox 723 1547 956 1635; x_wconf 84' lang='lat' dir='ltr'><strong>extenuati0‚</strong></span> <span class='ocrx_word' id='word_1_76' title='bbox 975 1562 1040 1619; x_wconf 85' lang='lat' dir='ltr'><strong>aut</strong></span> <span class='ocrx_word' id='word_1_77' title='bbox 1057 1545 1151 1617; x_wconf 88' lang='lat' dir='ltr'><strong>itlud</strong></span> <span class='ocrx_word' id='word_1_78' title='bbox 1168 1547 1294 1644; x_wconf 90' lang='lat' dir='ltr'><strong>potius</strong></span> 
     </span>
     <span class='ocr_line' id='line_1_12' title="bbox 290 1663 1295 1763; baseline -0.003 -25"><span class='ocrx_word' id='word_1_79' title='bbox 290 1667 424 1738; x_wconf 84' lang='lat' dir='ltr'><strong>vitium</strong></span> <span class='ocrx_word' id='word_1_80' title='bbox 434 1668 539 1738; x_wconf 87' lang='lat' dir='ltr'><strong>nervi</strong></span> <span class='ocrx_word' id='word_1_81' title='bbox 549 1663 653 1762; x_wconf 93' lang='lat' dir='ltr'><strong>quod</strong></span> <span class='ocrx_word' id='word_1_82' title='bbox 664 1665 877 1736; x_wconf 87' lang='lat' dir='ltr'><strong>extenuatio</strong></span> <span class='ocrx_word' id='word_1_83' title='bbox 891 1665 1147 1763; x_wconf 84' lang='lat' dir='ltr'><strong>consequitur,</strong></span> <span class='ocrx_word' id='word_1_84' title='bbox 1155 1665 1295 1736; x_wconf 85' lang='lat' dir='ltr'><strong>caecita-</strong></span> 
     </span>
     <span class='ocr_line' id='line_1_13' title="bbox 290 1782 1294 1881; baseline -0.001 -26"><span class='ocrx_word' id='word_1_85' title='bbox 290 1784 339 1856; x_wconf 85' lang='lat' dir='ltr'><strong>tis</strong></span> <span class='ocrx_word' id='word_1_86' title='bbox 358 1797 554 1871; x_wconf 86' lang='lat' dir='ltr'><strong>causaest,</strong></span> <span class='ocrx_word' id='word_1_87' title='bbox 575 1797 617 1854; x_wconf 92' lang='lat' dir='ltr'><strong>ut</strong></span> <span class='ocrx_word' id='word_1_88' title='bbox 638 1785 681 1853; x_wconf 89' lang='lat' dir='ltr'><strong>in·</strong></span> <span class='ocrx_word' id='word_1_89' title='bbox 697 1783 905 1872; x_wconf 79' lang='lat' dir='ltr'><strong>amauro&#39;si‚</strong></span> <span class='ocrx_word' id='word_1_90' title='bbox 929 1782 976 1854; x_wconf 89' lang='lat' dir='ltr'><strong>de</strong></span> <span class='ocrx_word' id='word_1_91' title='bbox 991 1806 1065 1881; x_wconf 86' lang='lat' dir='ltr'><strong>qua</strong></span> <span class='ocrx_word' id='word_1_92' title='bbox 1083 1805 1203 1881; x_wconf 88' lang='lat' dir='ltr'><strong>pauca</strong></span> <span class='ocrx_word' id='word_1_93' title='bbox 1216 1806 1294 1854; x_wconf 87' lang='lat' dir='ltr'><strong>res-</strong></span> 
     </span>
     <span class='ocr_line' id='line_1_14' title="bbox 291 1899 724 1997; baseline -0.009 -23"><span class='ocrx_word' id='word_1_94' title='bbox 291 1913 372 1974; x_wconf 84' lang='lat' dir='ltr'><strong>tant</strong></span> <span class='ocrx_word' id='word_1_95' title='bbox 388 1901 462 1973; x_wconf 91' lang='lat' dir='ltr'><strong>huc</strong></span> <span class='ocrx_word' id='word_1_96' title='bbox 483 1899 724 1997; x_wconf 85' lang='lat' dir='ltr'><strong>subjicienda.</strong></span> 
     </span>
    </p>

    <p class='ocr_par' dir='ltr' id='par_1_5' title="bbox 285 2016 1345 2947">
     <span class='ocr_line' id='line_1_15' title="bbox 344 2016 1293 2118; baseline 0.001 -28"><span class='ocrx_word' id='word_1_97' title='bbox 344 2045 397 2090; x_wconf 80' lang='lat'><strong>12.</strong></span> <span class='ocrx_word' id='word_1_98' title='bbox 425 2022 548 2116; x_wconf 82' lang='lat' dir='ltr'><strong>Atque</strong></span> <span class='ocrx_word' id='word_1_99' title='bbox 567 2033 610 2090; x_wconf 91' lang='lat' dir='ltr'><strong>ut</strong></span> <span class='ocrx_word' id='word_1_100' title='bbox 627 2016 722 2088; x_wconf 87' lang='lat' dir='ltr'><strong>illud</strong></span> <span class='ocrx_word' id='word_1_101' title='bbox 738 2017 976 2109; x_wconf 85' lang='lat' dir='ltr'><strong>omittamus,</strong></span> <span class='ocrx_word' id='word_1_102' title='bbox 995 2019 1102 2118; x_wconf 86' lang='lat' dir='ltr'><strong>sequi</strong></span> <span class='ocrx_word' id='word_1_103' title='bbox 1119 2043 1293 2091; x_wconf 84' lang='lat' dir='ltr'><strong>amauro·</strong></span> 
     </span>
     <span class='ocr_line' id='line_1_16' title="bbox 289 2133 1345 2237; baseline -0.001 -28"><span class='ocrx_word' id='word_1_104' title='bbox 289 2138 361 2210; x_wconf 80' lang='lat' dir='ltr'><strong>sim</strong></span> <span class='ocrx_word' id='word_1_105' title='bbox 381 2161 467 2209; x_wconf 90' lang='lat' dir='ltr'><strong>cum</strong></span> <span class='ocrx_word' id='word_1_106' title='bbox 483 2137 599 2236; x_wconf 91' lang='lat' dir='ltr'><strong>optici</strong></span> <span class='ocrx_word' id='word_1_107' title='bbox 613 2137 719 2206; x_wconf 85' lang='lat' dir='ltr'><strong>nervi</strong></span> <span class='ocrx_word' id='word_1_108' title='bbox 737 2139 1151 2237; x_wconf 77' lang='lat' dir='ltr'><strong>corrumpuntur3nam</strong></span> <span class='ocrx_word' id='word_1_109' title='bbox 1170 2152 1207 2209; x_wconf 90' lang='lat' dir='ltr'><strong>et</strong></span> <span class='ocrx_word' id='word_1_110' title='bbox 1223 2161 1293 2236; x_wconf 86' lang='lat' dir='ltr'><strong>per</strong></span> <span class='ocrx_word' id='word_1_111' title='bbox 1342 2133 1345 2137; x_wconf 70' lang='grc'><strong>’</strong></span> 
     </span>
     <span class='ocr_line' id='line_1_17' title="bbox 287 2251 1291 2355; baseline 0 -29"><span class='ocrx_word' id='word_1_112' title='bbox 287 2278 330 2326; x_wconf 87' lang='lat' dir='ltr'><strong>se</strong></span> <span class='ocrx_word' id='word_1_113' title='bbox 347 2251 585 2325; x_wconf 84' lang='lat' dir='ltr'><strong>manifestum</strong></span> <span class='ocrx_word' id='word_1_114' title='bbox 599 2269 665 2342; x_wconf 83' lang='lat' dir='ltr'><strong>est,</strong></span> <span class='ocrx_word' id='word_1_115' title='bbox 675 2269 807 2325; x_wconf 85' lang='lat' dir='ltr'><strong>etcum</strong></span> <span class='ocrx_word' id='word_1_116' title='bbox 820 2255 900 2328; x_wconf 86' lang='lat' dir='ltr'><strong>aliis</strong></span> <span class='ocrx_word' id='word_1_117' title='bbox 917 2257 955 2328; x_wconf 89' lang='lat' dir='ltr'><strong>iu</strong></span> <span class='ocrx_word' id='word_1_118' title='bbox 971 2253 1291 2355; x_wconf 86' lang='lat' dir='ltr'><strong>Sepulchretoob·</strong></span> 
     </span>
     <span class='ocr_line' id='line_1_18' title="bbox 288 2370 1290 2471; baseline -0.001 -28"><span class='ocrx_word' id='word_1_119' title='bbox 288 2370 566 2443; x_wconf 86' lang='lat' dir='ltr'><strong>servationihus</strong></span> <span class='ocrx_word' id='word_1_120' title='bbox 583 2371 654 2468; x_wconf 82' lang='lat'>(3),</span> <span class='ocrx_word' id='word_1_121' title='bbox 673 2387 753 2442; x_wconf 87' lang='lat' dir='ltr'><strong>tum</strong></span> <span class='ocrx_word' id='word_1_122' title='bbox 781 2374 990 2471; x_wconf 76' lang='lat' dir='ltr'><strong>praesertim</strong></span> <span class='ocrx_word' id='word_1_123' title='bbox 1012 2375 1131 2444; x_wconf 83' lang='lat' dir='ltr'><strong>XXIII</strong></span> <span class='ocrx_word' id='word_1_124' title='bbox 1151 2371 1290 2445; x_wconf 88' lang='lat' dir='ltr'><strong>confir-</strong></span> 
     </span>
     <span class='ocr_line' id='line_1_19' title="bbox 288 2473 1291 2589; baseline 0.002 -29"><span class='ocrx_word' id='word_1_125' title='bbox 288 2503 413 2560; x_wconf 88' lang='lat' dir='ltr'><strong>matur</strong></span> <span class='ocrx_word' id='word_1_126' title='bbox 431 2516 439 2558; x_wconf 92' lang='lat'><strong>:</strong></span> <span class='ocrx_word' id='word_1_127' title='bbox 458 2504 520 2559; x_wconf 88' lang='lat' dir='ltr'><strong>aut</strong></span> <span class='ocrx_word' id='word_1_128' title='bbox 537 2512 621 2559; x_wconf 90' lang='lat' dir='ltr'><strong>cum</strong></span> <span class='ocrx_word' id='word_1_129' title='bbox 639 2488 708 2579; x_wconf 84' lang='lat' dir='ltr'><strong>illi,</strong></span> <span class='ocrx_word' id='word_1_130' title='bbox 723 2513 901 2563; x_wconf 86' lang='lat' dir='ltr'><strong>eorumve</strong></span> <span class='ocrx_word' id='word_1_131' title='bbox 913 2473 1068 2562; x_wconf 84' lang='lat' dir='ltr'><strong>thalami</strong></span> <span class='ocrx_word' id='word_1_132' title='bbox 1078 2491 1182 2589; x_wconf 90' lang='lat' dir='ltr'><strong>puris</strong></span> <span class='ocrx_word' id='word_1_133' title='bbox 1196 2490 1291 2562; x_wconf 82' lang='lat' dir='ltr'><strong>acri·</strong></span> 
     </span>
     <span class='ocr_line' id='line_1_20' title="bbox 286 2607 1289 2707; baseline 0.002 -31"><span class='ocrx_word' id='word_1_134' title='bbox 286 2609 416 2677; x_wconf 86' lang='lat' dir='ltr'><strong>monia</strong></span> <span class='ocrx_word' id='word_1_135' title='bbox 431 2607 701 2703; x_wconf 83' lang='lat' dir='ltr'><strong>percelluntur,</strong></span> <span class='ocrx_word' id='word_1_136' title='bbox 722 2608 826 2707; x_wconf 91' lang='lat' dir='ltr'><strong>quod</strong></span> <span class='ocrx_word' id='word_1_137' title='bbox 845 2609 1032 2680; x_wconf 88' lang='lat' dir='ltr'><strong>Brunneri</strong></span> <span class='ocrx_word' id='word_1_138' title='bbox 1047 2607 1122 2705; x_wconf 72' lang='grc' dir='ltr'><strong>(Δ),</strong></span> <span class='ocrx_word' id='word_1_139' title='bbox 1139 2621 1177 2680; x_wconf 90' lang='lat' dir='ltr'><strong>et</strong></span> <span class='ocrx_word' id='word_1_140' title='bbox 1189 2611 1289 2680; x_wconf 84' lang='lat' dir='ltr'><strong>Dau-</strong></span> 
     </span>
     <span class='ocr_line' id='line_1_21' title="bbox 285 2721 1290 2820; baseline 0.003 -25"><span class='ocrx_word' id='word_1_141' title='bbox 285 2722 341 2795; x_wconf 85' lang='lat' dir='ltr'><strong>bii</strong></span> <span class='ocrx_word' id='word_1_142' title='bbox 366 2721 419 2820; x_wconf 80' lang='lat'><strong>(5)</strong></span> <span class='ocrx_word' id='word_1_143' title='bbox 439 2722 720 2798; x_wconf 87' lang='lat' dir='ltr'><strong>observationes</strong></span> <span class='ocrx_word' id='word_1_144' title='bbox 738 2740 1057 2815; x_wconf 82' lang='lat' dir='ltr'><strong>commonstrant3</strong></span> <span class='ocrx_word' id='word_1_145' title='bbox 1083 2726 1290 2798; x_wconf 86' lang='lat' dir='ltr'><strong>amaurosis</strong></span> 
     </span>
     <span class='ocr_line' id='line_1_22' title="bbox 286 2842 1289 2947; baseline 0.001 -34"><span class='ocrx_word' id='word_1_146' title='bbox 286 2842 398 2913; x_wconf 88' lang='lat' dir='ltr'><strong>etiam</strong></span> <span class='ocrx_word' id='word_1_147' title='bbox 410 2843 598 2938; x_wconf 88' lang='lat' dir='ltr'><strong>sequitur,</strong></span> <span class='ocrx_word' id='word_1_148' title='bbox 619 2869 704 2914; x_wconf 90' lang='lat' dir='ltr'><strong>cum</strong></span> <span class='ocrx_word' id='word_1_149' title='bbox 722 2859 785 2916; x_wconf 88' lang='lat' dir='ltr'><strong>aut</strong></span> <span class='ocrx_word' id='word_1_150' title='bbox 803 2845 910 2916; x_wconf 86' lang='lat' dir='ltr'><strong>nervi</strong></span> <span class='ocrx_word' id='word_1_151' title='bbox 925 2845 998 2947; x_wconf 81' lang='lat' dir='ltr'><strong>ipsi</strong></span> <span class='ocrx_word' id='word_1_152' title='bbox 1015 2843 1289 2933; x_wconf 84' lang='lat' dir='ltr'><strong>distrahuntur,</strong></span> 
     </span>
    </p>
   </div>
   <div class='ocr_carea' id='block_1_5' title="bbox 168 2959 1414 3170">
    <p class='ocr_par' dir='ltr' id='par_1_6' title="bbox 168 2959 1414 3170">
     <span class='ocr_line' id='line_1_23' title="bbox 284 2959 1414 3060; baseline 0.004 -30"><span class='ocrx_word' id='word_1_153' title='bbox 284 2974 349 3030; x_wconf 87' lang='lat' dir='ltr'><strong>aut</strong></span> <span class='ocrx_word' id='word_1_154' title='bbox 362 2959 508 3030; x_wconf 86' lang='lat' dir='ltr'><strong>cerebri</strong></span> <span class='ocrx_word' id='word_1_155' title='bbox 527 2961 695 3058; x_wconf 85' lang='lat' dir='ltr'><strong>quaedam</strong></span> <span class='ocrx_word' id='word_1_156' title='bbox 710 2977 833 3060; x_wconf 85' lang='lat' dir='ltr'><strong>partes</strong></span> <span class='ocrx_word' id='word_1_157' title='bbox 847 2987 928 3060; x_wconf 86' lang='lat' dir='ltr'><strong>quae</strong></span> <span class='ocrx_word' id='word_1_158' title='bbox 942 2959 1032 3060; x_wconf 88' lang='lat' dir='ltr'><strong>ipsis</strong></span> <span class='ocrx_word' id='word_1_159' title='bbox 1050 2960 1289 3035; x_wconf 88' lang='lat' dir='ltr'><strong>subserviunt</strong></span> <span class='ocrx_word' id='word_1_160' title='bbox 1351 2993 1359 3012; x_wconf 94' lang='lat'><strong>·</strong></span> <span class='ocrx_word' id='word_1_161' title='bbox 1413 3003 1414 3016; x_wconf 31' lang='grc' dir='ltr'><strong>κ</strong></span> 
     </span>
     <span class='ocr_line' id='line_1_24' title="bbox 168 3076 1290 3170; baseline 0.004 -24"><span class='ocrx_word' id='word_1_162' title='bbox 168 3165 169 3170; x_wconf 9' lang='lat'>¹</span> <span class='ocrx_word' id='word_1_163' title='bbox 283 3077 528 3151; x_wconf 84' lang='lat' dir='ltr'><strong>vehementer</strong></span> <span class='ocrx_word' id='word_1_164' title='bbox 540 3082 820 3152; x_wconf 86' lang='lat' dir='ltr'><strong>concutiuntur.</strong></span> <span class='ocrx_word' id='word_1_165' title='bbox 839 3077 952 3170; x_wconf 88' lang='lat' dir='ltr'><strong>Quod</strong></span> <span class='ocrx_word' id='word_1_166' title='bbox 965 3076 1106 3152; x_wconf 84' lang='lat' dir='ltr'><strong>factum</strong></span> <span class='ocrx_word' id='word_1_167' title='bbox 1122 3104 1201 3150; x_wconf 92' lang='lat' dir='ltr'><strong>non</strong></span> <span class='ocrx_word' id='word_1_168' title='bbox 1222 3078 1290 3150; x_wconf 92' lang='lat' dir='ltr'><strong>du·</strong></span> 
     </span>
    </p>
   </div>
   <div class='ocr_carea' id='block_1_6' title="bbox 282 3193 1286 3296">
    <p class='ocr_par' dir='ltr' id='par_1_7' title="bbox 282 3193 1286 3296">
     <span class='ocr_line' id='line_1_25' title="bbox 282 3193 1286 3296; baseline -0.002 -28"><span class='ocrx_word' id='word_1_169' title='bbox 282 3193 447 3269; x_wconf 86' lang='lat' dir='ltr'><strong>bitamus</strong></span> <span class='ocrx_word' id='word_1_170' title='bbox 459 3198 498 3268; x_wconf 89' lang='lat' dir='ltr'><strong>in</strong></span> <span class='ocrx_word' id='word_1_171' title='bbox 517 3197 668 3271; x_wconf 91' lang='lat' dir='ltr'><strong>duobus</strong></span> <span class='ocrx_word' id='word_1_172' title='bbox 681 3223 777 3296; x_wconf 94' lang='lat' dir='ltr'><strong>quos</strong></span> <span class='ocrx_word' id='word_1_173' title='bbox 790 3198 860 3296; x_wconf 92' lang='lat' dir='ltr'><strong>ipsi</strong></span> <span class='ocrx_word' id='word_1_174' title='bbox 874 3193 1049 3286; x_wconf 74' lang='lat' dir='ltr'><strong>vidimds,</strong></span> <span class='ocrx_word' id='word_1_175' title='bbox 1064 3212 1101 3270; x_wconf 90' lang='lat' dir='ltr'><strong>et</strong></span> <span class='ocrx_word' id='word_1_176' title='bbox 1116 3196 1286 3285; x_wconf 84' lang='lat' dir='ltr'><strong>consilio,</strong></span> 
     </span>
    </p>
   </div>
   <div class='ocr_carea' id='block_1_7' title="bbox 332 3519 977 4013">
    <p class='ocr_par' dir='ltr' id='par_1_8' title="bbox 387 3519 661 3609">
     <span class='ocr_line' id='line_1_26' title="bbox 387 3519 661 3609; baseline 0 -17"><span class='ocrx_word' id='word_1_177' title='bbox 387 3536 497 3609; x_wconf 82' lang='lat' dir='ltr'><strong>Supra,</strong></span> <span class='ocrx_word' id='word_1_178' title='bbox 512 3557 543 3592; x_wconf 87' lang='lat' dir='ltr'><strong>n.</strong></span> <span class='ocrx_word' id='word_1_179' title='bbox 561 3554 606 3592; x_wconf 82' lang='lat' dir='ltr'><strong>io.</strong></span> <span class='ocrx_word' id='word_1_180' title='bbox 659 3519 661 3524; x_wconf 39' lang='grc'><strong>’</strong></span> 
     </span>
    </p>

    <p class='ocr_par' dir='ltr' id='par_1_9' title="bbox 385 3633 977 3807">
     <span class='ocr_line' id='line_1_27' title="bbox 387 3633 977 3709; baseline 0.007 -21"><span class='ocrx_word' id='word_1_181' title='bbox 387 3635 481 3708; x_wconf 88' lang='lat' dir='ltr'><strong>Epist.</strong></span> <span class='ocrx_word' id='word_1_182' title='bbox 502 3634 555 3706; x_wconf 81' lang='lat'><strong>56,</strong></span> <span class='ocrx_word' id='word_1_183' title='bbox 574 3655 605 3691; x_wconf 89' lang='lat' dir='ltr'><strong>n.</strong></span> <span class='ocrx_word' id='word_1_184' title='bbox 619 3651 670 3704; x_wconf 75' lang='lat'><strong>21,</strong></span> <span class='ocrx_word' id='word_1_185' title='bbox 687 3643 717 3691; x_wconf 87' lang='lat' dir='ltr'><strong>et</strong></span> <span class='ocrx_word' id='word_1_186' title='bbox 729 3633 823 3709; x_wconf 81' lang='lat' dir='ltr'><strong>Epist.</strong></span> <span class='ocrx_word' id='word_1_187' title='bbox 840 3633 892 3709; x_wconf 82' lang='lat'><strong>63,</strong></span> <span class='ocrx_word' id='word_1_188' title='bbox 905 3656 935 3693; x_wconf 88' lang='lat' dir='ltr'><strong>n.</strong></span> <span class='ocrx_word' id='word_1_189' title='bbox 948 3635 977 3693; x_wconf 89' lang='lat'><strong>8.</strong></span> 
     </span>
     <span class='ocr_line' id='line_1_28' title="bbox 385 3736 660 3807; baseline -0.007 -13"><span class='ocrx_word' id='word_1_190' title='bbox 385 3739 461 3795; x_wconf 88' lang='lat' dir='ltr'><strong>Seet.</strong></span> <span class='ocrx_word' id='word_1_191' title='bbox 475 3736 531 3795; x_wconf 87' lang='lat' dir='ltr'><strong>hae</strong></span> <span class='ocrx_word' id='word_1_192' title='bbox 549 3739 600 3807; x_wconf 79' lang='lat'><strong>13,</strong></span> <span class='ocrx_word' id='word_1_193' title='bbox 613 3744 660 3804; x_wconf 74' lang='lat'><strong>24.</strong></span> 
     </span>
    </p>

    <p class='ocr_par' dir='ltr' id='par_1_10' title="bbox 384 3837 845 3916">
     <span class='ocr_line' id='line_1_29' title="bbox 384 3837 845 3916; baseline 0 -21"><span class='ocrx_word' id='word_1_194' title='bbox 384 3840 459 3913; x_wconf 89' lang='lat' dir='ltr'><strong>Eph.</strong></span> <span class='ocrx_word' id='word_1_195' title='bbox 475 3840 512 3895; x_wconf 84' lang='lat' dir='ltr'><strong>N.</strong></span> <span class='ocrx_word' id='word_1_196' title='bbox 529 3841 561 3896; x_wconf 91' lang='lat' dir='ltr'><strong>C.</strong></span> <span class='ocrx_word' id='word_1_197' title='bbox 581 3839 665 3894; x_wconf 89' lang='lat' dir='ltr'><strong>Ceut.</strong></span> <span class='ocrx_word' id='word_1_198' title='bbox 688 3857 701 3894; x_wconf 92' lang='lat'>1</span> <span class='ocrx_word' id='word_1_199' title='bbox 718 3838 782 3893; x_wconf 86' lang='lat' dir='ltr'><strong>obs.</strong></span> <span class='ocrx_word' id='word_1_200' title='bbox 796 3837 845 3916; x_wconf 84' lang='lat'><strong>69.</strong></span> 
     </span>
    </p>

    <p class='ocr_par' dir='ltr' id='par_1_11' title="bbox 332 3937 809 4013">
     <span class='ocr_line' id='line_1_30' title="bbox 332 3937 809 4013; baseline -0.006 -16"><span class='ocrx_word' id='word_1_201' title='bbox 332 3939 348 3997; x_wconf 84' lang='lat'>5</span> <span class='ocrx_word' id='word_1_202' title='bbox 382 3937 524 4000; x_wconf 70' lang='lat' dir='ltr'><strong>Earumd.</strong></span> <span class='ocrx_word' id='word_1_203' title='bbox 538 3939 622 3996; x_wconf 86' lang='lat' dir='ltr'><strong>Ceut.</strong></span> <span class='ocrx_word' id='word_1_204' title='bbox 639 3959 667 4012; x_wconf 86' lang='lat'><strong>7,</strong></span> <span class='ocrx_word' id='word_1_205' title='bbox 682 3938 747 3996; x_wconf 82' lang='lat' dir='ltr'><strong>obs.</strong></span> <span class='ocrx_word' id='word_1_206' title='bbox 761 3938 809 4013; x_wconf 80' lang='lat'><strong>39.</strong></span> 
     </span>
    </p>
   </div>
   <div class='ocr_carea' id='block_1_8' title="bbox 354 3691 363 3709">
    <p class='ocr_par' dir='ltr' id='par_1_12' title="bbox 354 3691 363 3709">
     <span class='ocr_line' id='line_1_31' title="bbox 354 3691 363 3709; baseline 0 0"><span class='ocrx_word' id='word_1_207' title='bbox 354 3691 363 3709; x_wconf 94' lang='grc' dir='ltr'><em>Ι</em></span> 
     </span>
    </p>
   </div>
   <div class='ocr_carea' id='block_1_9' title="bbox 0 0 1426 4672">
    <p class='ocr_par' dir='ltr' id='par_1_13' title="bbox 0 0 1426 4672">
     <span class='ocr_line' id='line_1_32' title="bbox 0 0 1426 4672; baseline 0 3"><span class='ocrx_word' id='word_1_208' title='bbox 0 0 1426 4672; x_wconf 95' lang='lat' dir='ltr'><strong> </strong></span> 
     </span>
    </p>
   </div>
  </div>
 </body>
</html>
