2832 4662
223 471 291 522 um.
319 473 360 520 rr.
388 473 436 518 uu
460 469 597 518 nonars
621 472 820 539 recanere,
846 475 959 524 rrrsr.
985 461 1061 526 xm.
1089 447 1166 554 549-

151 580 241 658 bere
260 582 472 685 profectum
490 609 560 682 per
575 563 794 659 inferiorem
813 589 1013 662 ventriculi
1026 613 1161 690 super·

149 701 273 776 ficiem
300 701 470 802 repebat,
498 703 744 776 crassitudine
758 702 878 796 ferme
893 705 1026 778 calami
1040 708 1163 806 scrip·

152 821 250 892 torii.
285 820 452 893 Omnino
488 817 597 893 facile
629 835 709 894 erat
732 821 939 919 conjicere,
963 823 1161 897 minimam

151 939 367 1038 quampiam
387 963 431 1010 ex
448 935 683 1036 conglobatis
700 934 933 1038 glandulam,
943 942 1087 1014 extimae
1099 956 1159 1014 tu-

151 1055 261 1144 nicae,
284 1055 502 1151 subjectaeue
521 1053 710 1128 cellulosae
729 1055 997 1148 inhaerentem,
1014 1071 1104 1148 aut,
1128 1059 1162 1132 si

150 1174 287 1263 mavis,
312 1173 456 1270 aliquot
481 1149 594 1268 hujus
622 1173 795 1262 cellulas,
825 1190 1002 1274 congesta
1016 1169 1161 1249 sensim

150 1292 323 1381 materia,
341 1315 401 1363 eas
412 1286 558 1366 tunicas
578 1315 646 1363 suo
659 1291 831 1389 pondere
847 1292 895 1366 ab
913 1293 1069 1394 reliquis
1083 1293 1158 1368 dis·

146 1409 300 1482 traxisse
312 1408 384 1495 ,in
398 1431 559 1504 eamque
575 1407 716 1481 molem
733 1411 950 1485 excrevisse.
971 1415 1158 1486 Caeterum

147 1525 224 1598 lien
241 1525 434 1622 aliquanto
453 1524 576 1619 major
595 1547 708 1621 quam
725 1548 878 1622 aequum
892 1543 1009 1616 esset,
1039 1532 1157 1603 intus

149 1667 224 1740 que
236 1640 473 1740 pallescens,
484 1665 534 1712 ea.
545 1637 617 1712 fuit
629 1639 799 1730 laxitate,
816 1655 859 1713 ut
867 1642 1061 1715 videretur
1070 1646 1156 1744 pul·

147 1771 225 1830 tem
245 1756 451 1856 quamdam
466 1757 612 1854 potius,
629 1779 748 1854 quam
759 1755 799 1828 id
814 1755 921 1853 quod
933 1757 1048 1846 solet,
1067 1783 1157 1832 con·

150 1875 282 1949 tinere.
302 1879 414 1948 Jecur
430 1874 472 1944 in
487 1857 747 1946 ¹transversum
763 1873 1043 1974 longissimum,
1060 1876 1158 1948 iute-

149 1993 251 2066 riore
270 1992 475 2066 substantia
483 1989 680 2090 pallidula,
694 2008 734 2064 et
745 1991 1022 2092 propemodum
1038 1993 1158 2064 varie-

150 2127 249 2210 gata,
261 2134 332 2183 nec
347 2126 472 2182 tamen
484 2107 587 2182 dura.
597 2112 741 2185 Arteria
751 2135 888 2209 magna
899 2113 1008 2210 quasi
1020 2109 1158 2192 neruo,

147 2253 203 2319 sa,
215 2228 407 2327 magisque
422 2226 556 2314 iliacae,
569 2240 613 2300 ut
624 2251 707 2339 quae
721 2227 860 2312 alicubi
869 2251 967 2328 pene
977 2228 1019 2300 iu
1032 2227 1153 2300 diver·

147 2344 263 2417 ticula
281 2357 432 2441 turgere
450 2342 687 2417 videbantur.
706 2343 881 2418 athahic
899 2344 976 2417 illic
992 2344 1153 2434 harum,

148 2475 185 2534 et
198 2461 296 2534 illius
319 2461 478 2534 interior
492 2459 629 2552 facies„
643 2487 713 2535 nec
733 2463 813 2536 sine
833 2462 1000 2562 squamis
1019 2463 1153 2552 osseis,

147 2579 272 2676 parvis
287 2593 434 2669 tamen,
448 2575 657 2680 paucisque
669 2581 713 2652 in
728 2580 890 2653 locis-Et
903 2579 982 2652 haec
996 2578 1152 2679 quidem
1245 2667 1249 2675 .

136 2695 187 2777 ,in
200 2707 341 2768 ventre.
360 2700 405 2768 ln
418 2694 574 2770 thorace
588 2712 786 2786 autem‚.et
798 2696 920 2797 capite
937 2699 1020 2798 pari
1034 2698 1090 2772 uti
1100 2697 1153 2768 di·

146 2812 299 2910 ligentia
314 2837 394 2885 non
410 2814 536 2912 potui;
556 2815 698 2913 quippe
715 2830 888 2888 anatome
905 2813 1058 2912 publica
1077 2815 1151 2886 dis-

145 2943 276 3001 tentus
290 2951 392 3000 anno
408 2928 520 3026 1745,
542 2929 721 3026 adquam
740 2929 814 3002 alia
829 2929 1002 3027 quaedam
1024 2932 1152 3005 minus

144 3047 272 3144 inepta
288 3045 539 3144 suppetebant
569 3044 749 3118 cadavera
758 3069 773 3138 3·
795 3044 910 3142 hujus
927 3047 1027 3120 enim
1047 3072 1151 3120 mus·

147 3163 223 3236 culi
246 3180 354 3236 erant
370 3143 555 3237 laxissimi.
577 3163 678 3236 Illud
697 3179 823 3235 tamen
846 3165 941 3252 scio,
960 3165 1148 3255 corvino,

52 3317 62 3330 ·
118 3320 121 3324 ·
143 3281 248 3380 quod
268 3280 422 3360 obvium
437 3296 551 3370 essct,
570 3277 746 3354 affectum
761 3305 839 3352 non
858 3277 985 3354 firisse:
1001 3281 1149 3380 pulmo-

144 3423 212 3471 nes
227 3413 353 3472 autem
371 3421 538 3474 annexos
555 3399 710 3498 quidem
724 3399 887 3498 pleurae‚
901 3397 1147 3492 etsuhduros,

141 3516 238 3588 nihil
256 3531 381 3592 tumen
399 3514 575 3590 habuisse
600 3517 705 3615 quod
726 3541 855 3588 veram
884 3515 1146 3606 inflammatio·
1181 3533 1183 3540 ’

145 3659 252 3723 nem,
267 3649 305 3706 ot
316 3633 438 3706 multo
452 3635 578 3706 minus
587 3634 692 3731 quod
706 3635 954 3706 inveteratum
967 3634 1147 3706 morbum

143 3751 368 3857 ostenderet.
386 3750 515 3844 Qualis
532 3765 658 3824 autem
673 3775 762 3824 vera
779 3752 818 3822 iu
829 3750 1074 3849 pulmonibus
1091 3751 1147 3820 in'·

144 3867 347 3942 flammatio
369 3882 561 3962 occurrat,
589 3869 769 3966 proximae
785 3869 949 3966 epistolae
969 3865 1148 3941 demons-

143 3985 315 4059 trabunt:
327 3985 433 4060 Vale.
