2820 4662
289 385 360 478 478
461 408 506 454 nn
532 405 677 454 snoruus
701 405 745 452 rr
770 404 894 452 crusis
918 407 1126 458 nonnonurt

288 519 457 608 fuerant,
471 517 587 590 ambae
603 519 781 590 connexis
797 517 896 590 inter
908 543 945 590 se
954 519 1180 618 parietibus,
1191 519 1232 590 in
1251 519 1295 590 li-

288 652 505 738 gamentum
522 635 788 722 induruerant,
804 635 921 706 instar
933 634 1211 708 umbilicalium
1230 662 1296 724 va-

290 779 439 841 sorum,
454 766 497 826 ut
506 750 602 822 nihil
620 750 808 838 humoris,
819 749 915 828 nihil
930 752 1296 849 aerisinjectitrans·

289 872 460 943 miserint
485 869 559 966 (tu
583 867 710 964 quales
735 867 954 940 Swietenius
980 866 1076 965 (1),
1103 885 1142 942 et
1164 870 1296 967 quales

289 994 456 1060 Emettus
471 985 525 1084 (a)
534 983 870 1083 deprehenderint,
886 985 986 1084 apud
1001 987 1104 1082 ipsos
1117 986 1294 1084 videbis).

163 1179 166 1184 .
290 1109 421 1201 Neque
431 1103 514 1175 ultae
528 1116 654 1173 tamen
669 1102 810 1172 arteriae
825 1101 915 1188 aliae,
929 1115 966 1173 et
975 1104 1203 1174 nominatim
1214 1130 1295 1176 ver·

291 1220 469 1307 tebralcs,
483 1216 585 1290 factae
599 1243 647 1298 ne
665 1217 831 1316 pauxillo
844 1215 997 1315 quidem
1009 1235 1116 1310 erant
1127 1219 1292 1294 latiores.
1402 1271 1403 1286 ,

233 1335 235 1340 ’
290 1341 335 1408 In
353 1334 509 1409 cerebro
529 1333 625 1406 nihil
649 1331 717 1404 fuit
743 1332 984 1420 adnotatione
1013 1334 1198 1432 dignum,
1226 1338 1296 1408 nisi

293 1451 397 1551 quod
416 1453 514 1524 circa
526 1451 679 1550 spinalis
697 1450 869 1538 medullae
885 1451 1033 1524 initium
1052 1468 1233 1551 repertus
1244 1469 1297 1528 est

294 1569 454 1656 humor,
474 1570 581 1668 cujus
595 1567 747 1667 pondus
763 1570 910 1640 tertiam
925 1571 1074 1642 circiter
1083 1572 1209 1643 unciae
1217 1596 1298 1670 par·
1402 1565 1403 1582 ¹

292 1701 370 1784 tem
388 1701 572 1804 «τριετεῖ,
589 1700 721 1757 natura
740 1700 865 1758 autem
883 1686 1082 1784 persimilis
1102 1687 1299 1764 videretur

293 1803 465 1876 humoris
481 1803 582 1874 illius
598 1804 666 1899 qui
681 1803 721 1873 in
738 1827 830 1874 cavo
847 1805 1090 1876 articulorum
1115 1808 1294 1880 occurrit.

346 1948 403 2020 27.
427 1926 472 1992 In
494 1944 608 2018 parva
629 1944 784 2019 quoque
810 1921 962 2010 catella,
989 1923 1124 1994 vinctis
1150 1925 1297 1998 arteriis

297 2036 546 2124 carotidibus‚
570 2036 648 2108 haec
676 2036 896 2110 observavit.
920 2039 1112 2111 Prioribus
1139 2039 1296 2112 canibus

296 2156 464 2254 vegetior
480 2153 570 2244 fuit3
588 2154 654 2226 sed
668 2153 851 2244 triduum,
867 2154 971 2250 haud
987 2156 1168 2256 amplius,
1184 2159 1293 2242 vixit,

298 2273 425 2346 cibum
439 2273 752 2372 semperomnino
769 2287 953 2363 aversata,
966 2289 1002 2346 ct
1014 2274 1179 2372 quadam
1194 2276 1294 2374 quasi

297 2388 401 2462 rabie
419 2389 582 2487 percita,
600 2405 643 2461 ut
661 2413 792 2462 omnes
805 2389 1001 2463 allatraret.
1020 2392 1190 2464 Dissecta
1206 2390 1296 2464 nihil

211 2540 217 2549 ·
298 2506 480 2578 adnotatu
508 2507 665 2602 dignum
690 2506 850 2578 obtulit:
869 2531 1086 2605 quanquam
1111 2507 1293 2580 carotides

299 2624 340 2706 in
360 2622 431 2694 hac
451 2624 591 2719 pariter
607 2614 708 2694 arcte
726 2626 933 2698 constrictae
947 2641 1102 2722 repertae
1123 2640 1226 2698 sunt.

350 2740 406 2812 28.
420 2741 505 2810 Non
520 2740 625 2837 parvi
644 2743 825 2814 momenti
843 2757 898 2814 est
914 2767 985 2840 pro
997 2743 1160 2832 Galeno‚
1175 2743 1224 2814 de
1235 2742 1294 2814 tri·

300 2854 373 2928 bus
396 2855 550 2932 canibus
567 2857 606 2928 in
624 2858 762 2954 quibus
779 2859 947 2932 Valsalva
966 2860 1047 2956 ejus
1069 2861 1220 2932 iteravit
1239 2883 1295 2934 ex·
1323 2863 1327 2874 '

301 2975 577 3074 perimentum,
603 3001 652 3058 ne
676 3001 796 3050 unum
821 2975 974 3074 quidem
1000 2975 1113 3050 fuisse
1137 2979 1207 3076 qui
1238 2992 1296 3052 aut
1322 2989 1326 2996 '

292 3115 461 3190 sopore,
488 3107 552 3164 aut
579 3092 874 3170 obmutescentia
904 3095 1171 3193 corriperetur.
1205 3099 1297 3168 Nam

303 3208 409 3306 quod
426 3195 600 3282 latratum
617 3210 656 3280 in
673 3211 803 3307 primis
812 3201 961 3284 duobus
973 3236 1051 3283 non
1065 3191 1295 3300 memorarit,
1400 3255 1401 3272 1

303 3326 384 3398 noli
402 3325 487 3397 ideo
504 3325 656 3398 credere
674 3325 850 3418 defuisse3
865 3353 951 3408 cum
967 3328 1094 3402 videas
1113 3330 1153 3398 in
1170 3328 1298 3400 catella

303 3441 406 3541 ipsa,
423 3444 495 3516 nisi
509 3459 550 3515 ut
566 3444 728 3541 quadam
744 3444 845 3517 rabie
859 3446 1040 3544 percitam
1057 3445 1299 3544 significaret,
1400 3483 1401 3492 κ

305 3582 385 3632 non
403 3555 515 3632 fuisse
531 3545 844 3652 memoraturum
857 3563 895 3640 in
905 3561 1053 3636 duobus
1066 3577 1196 3638 autem
1208 3563 1299 3662 prio

343 3933 389 4014 (1)
409 3933 454 4014 (a)
472 3935 560 3998 Locis
572 3935 710 4000 iudicatis
721 3955 827 4017 supra,
843 3937 883 3999 ad
898 3958 929 3998 n.
945 3947 992 4009 aa.
