2812 4660
268 393 339 491 376
433 411 479 463 os
505 413 650 463 scurrus
675 417 718 463 nr
743 414 866 464 causrs
892 415 1102 470 arcanorum
1134 421 1140 428 ’

317 531 350 603 3.
381 531 473 600 Fuse
494 529 642 598 narravi
670 552 752 626 quae
770 529 863 619 vidi,
881 547 1112 639 'narraturus
1134 539 1274 634 pariter

269 663 416 736 caetera,
432 648 461 718 si
476 644 672 734 vidissem,
692 662 754 717 aut
774 671 845 745 pro
865 663 969 720 certo
996 653 1215 742 scivissem,
1233 679 1270 726 ea

266 765 440 837 videlicet
467 785 548 860 quae
574 763 783 835 novissimis
810 767 1025 857 mensibus,
1047 784 1112 841 aut
1144 769 1270 841 saltem

270 882 401 954 diebus
417 895 688 978 praecesserant.
707 886 978 954 Praecesserunt
995 900 1120 956 autem
1142 884 1272 958 fortas-

268 999 317 1072 sis
337 1021 419 1096 quae
441 997 715 1086 ventriculum,
741 1014 778 1072 et
801 1003 929 1071 tenuia
949 1003 1126 1075 intestina
1154 1004 1276 1074 irrita?

268 1133 379 1206 rent,
395 1131 437 1186 ut
462 1130 662 1213 conspecta
680 1118 719 1187 in
742 1119 934 1216 utrisque,
958 1134 994 1192 et
1009 1121 1192 1192 viridium
1210 1145 1271 1192 vo-

268 1237 384 1306 mitus
407 1231 571 1303 indicare
594 1249 768 1330 possunt,
789 1238 863 1308 sive
888 1262 931 1309 ea
953 1263 1033 1336 quae
1056 1239 1270 1327 irritarent,

269 1350 386 1421 homo
414 1349 585 1446 ingessit,
609 1353 683 1422 sive
711 1353 891 1450 paulatim
919 1357 1126 1452 congessit,
1155 1355 1267 1428 bilem

268 1485 378 1572 puta,
407 1495 519 1567 quam
540 1469 823 1566 descripsimus,
849 1471 1050 1569 acidosque
1075 1471 1266 1545 humores.

269 1593 343 1660 Aut
372 1590 481 1659 etiam
511 1611 751 1684 quacumque
777 1587 823 1658 de
854 1612 963 1661 causa
988 1590 1065 1685 jam
1093 1588 1268 1688 phlogosi

271 1703 487 1802 correptum
514 1703 625 1777 fuisse
652 1707 784 1802 ponito
808 1707 1089 1796 ventriculum,
1111 1721 1154 1778 ut
1177 1709 1270 1780 striae

270 1823 340 1894 illoe
366 1821 607 1894 rubescentes
633 1823 900 1912 ostendebant,
932 1839 969 1896 et
996 1826 1169 1921 superius
1195 1827 1272 1922 ejus

272 1939 460 2012 orificium
473 1941 532 2011 vel
549 1943 686 2038 magis,
713 1940 816 2038 quod
834 1941 948 2037 hujus
969 1942 1158 2040 nigricans
1180 1943 1272 2014 livor

274 2057 514 2157 significahat.
541 2064 594 2129 Ex
616 2058 674 2129 his
691 2059 777 2130 satis
801 2057 1004 2157 intelliges,
1029 2060 1134 2130 unde
1152 2062 1273 2130 vomi·

272 2177 417 2265 tiones,
436 2192 471 2248 et
491 2177 621 2274 pulsus
640 2175 825 2272 languidi,
843 2191 879 2246 et
895 2177 1006 2248 dolor
1021 2176 1066 2248 ad
1078 2179 1272 2276 regionem

274 2294 589 2392 diaphragmatis,
611 2308 771 2364 mortem
790 2295 959 2391 proxime
983 2296 1273 2383 antecesserint,

273 2413 478 2510 praesertim
497 2436 584 2502 cum
603 2409 846 2509 diaphragma
870 2428 961 2484 tunc
993 2414 1110 2509 magis
1141 2415 1275 2510 magis-

276 2554 348 2625 que
361 2528 549 2599 laboraret
566 2527 612 2597 ab
630 2516 805 2626 imposito
819 2530 942 2602 cordis
958 2530 1145 2628 pondere,
1164 2546 1274 2603 aucto

275 2669 296 2716 a
323 2669 447 2718 crasso
470 2645 675 2718 illiusmodi
703 2649 904 2744 sanguine,
932 2649 997 2744 qui
1024 2662 1128 2720 tanto
1157 2650 1275 2748 magis

275 2761 518 2852 subsistebat,
547 2779 688 2860 quanto
715 2766 880 2836 minores
908 2765 1126 2861 expellentis
1149 2766 1274 2837 cordis

274 2883 396 2970 vireS,
414 2881 518 2979 quod
538 2879 770 2978 significabat
797 2882 945 2980 pulsus,
967 2880 1118 2952 fiebant.
1140 2885 1228 2972 Quo
1244 2885 1275 2954 si

275 2999 389 3072 addas
399 3001 718 3098 compressionem
734 3023 886 3096 quoque
896 2999 1041 3072 cerebri
1051 3027 1071 3069 a
1082 3001 1277 3098 sanguine,

276 3116 327 3188 ob
345 3117 565 3216 languidum
584 3118 799 3216 impulsum,
811 3118 851 3186 in
859 3112 1081 3214 meningum
1095 3117 1191 3188 vasis
1203 3141 1278 3204 res·

276 3236 429 3324 titante,
455 3251 510 3324 et,
537 3235 642 3333 quod
671 3238 933 3332 consequitur,
963 3236 1140 3332 exiguum
1168 3236 1277 3332 spiri-

276 3365 385 3422 tuum
405 3352 541 3423 adcor
561 3351 738 3422 effluxum
760 3377 806 3423 eo
823 3367 1011 3449 tempore,
1036 3377 1113 3448 quo
1138 3374 1277 3449 magno

277 3466 406 3540 luisset
429 3494 544 3565 opus3
570 3471 735 3567 proclive
760 3470 830 3541 erit
850 3471 997 3567 assequi
1019 3471 1279 3568 conspirantes

218 3613 219 3616 ¹
278 3609 408 3658 causas
427 3600 502 3656 tam
523 3587 653 3660 celeris
669 3589 820 3675 mortis;
840 3611 918 3656 non
936 3585 1110 3656 mirandae
1128 3600 1278 3674 tamen,

278 3706 312 3776 si
326 3706 453 3802 plura,
476 3719 517 3775 ut
535 3705 727 3802 Lancisius
744 3705 812 3802 (1)
835 3702 1117 3791 animadvertit,
1142 3727 1276 3773 eorum

273 3862 1280 3890 mm

314 3972 358 4050 (1)
378 3975 423 4031 De
437 3973 534 4032 Subit.
547 3974 639 4030 Mort.
655 3969 755 4030 Schol.
773 3990 806 4028 11
826 3969 946 4030 adobs.
958 3969 1045 4045 Phys.
1058 3969 1145 4027 Anat.
1160 3984 1187 4024 a.
