2750 4658
142 467 216 514 nm.
243 466 284 514 ιι.
311 463 875 532 nn‚uona1snnoancts,ne1sn
902 469 976 516 xvi.
1006 447 1077 544 269

115 579 180 678 37.
208 581 287 662 Etsi
308 579 368 654 vel
387 580 427 650 in
448 579 599 660 vivente
623 576 730 651 facile
754 595 833 652 erat
853 582 1078 680 intelligere,

62 722 212 795 aquam
225 720 304 770 csse
321 698 361 766 in
377 695 553 784 thorace3
572 719 654 792 quae
678 712 802 769 tamen
823 699 927 797 signa
949 698 1079 772 defue-

61 817 166 904 rint,
186 830 224 886 et
240 814 403 912 quaeuvix
420 812 572 884 tandem
593 815 834 902 accesserint,
852 815 975 890 vides..
987 818 1077 906 Qui-

62 930 140 1004 bus
159 929 270 1002 facile
291 928 467 1010 omnibus
487 952 614 1002 carere
628 953 842 1028 possemus,
857 933 886 1004 si
900 957 1021 1006 unum
1032 934 1077 1004 il-

62 1047 134 1119 lud
153 1071 291 1120 sensus
302 1046 491 1132 humoris,
515 1046 620 1126 nulla
636 1049 772 1144 praevia
796 1049 1078 1146 suppurationis

64 1189 205 1253 causa,
228 1165 268 1234 in
291 1161 446 1237 thorace
474 1162 688 1236 fluctuantis
716 1179 943 1262 perpetuum
968 1163 1074 1241 foret.

62 1277 377 1366 Naminterdum,
388 1280 543 1377 quidem
562 1304 641 1364 non
662 1281 710 1353 ab
732 1283 838 1379 aegris
857 1283 972 1355 modo
991 1307 1077 1382 per·

65 1400 159 1497 cipi,
178 1397 439 1470 verumetiam
456 1395 503 1468 ab
519 1397 600 1472 aliis
615 1423 696 1470 eam
713 1397 996 1480 fluctuationem
1010 1427 1077 1474 au-

67 1516 141 1588 diri
169 1515 261 1586 olim
290 1516 537 1612 Hippocrates
559 1516 604 1586 iis
622 1517 663 1586 in
684 1514 792 1602 locis,
811 1516 851 1587 in
873 1518 1012 1616 quibus
1029 1519 1077 1592 de

66 1632 141 1704 hoc
161 1631 336 1729 hydrope
355 1630 416 1728 agi
438 1655 551 1728 supra
565 1631 620 1727 (1)
633 1631 814 1719 diximus,
828 1611 915 1706 satis
927 1633 1076 1726 docuit,

62 1775 158 1822 cum
174 1773 314 1847 aegrum
334 1747 476 1844 inquit,
500 1747 663 1818 humeris
685 1747 959 1845 apprehensum
986 1775 1077 1822 con-

68 1875 205 1955 cutite,
235 1881 272 1937 et
295 1863 432 1936 deinde
452 1869 496 1946 in
516 1878 604 1948 utro
626 1863 743 1936 latere
763 1870 882 1962 magis
894 1868 1075 1962 fluctuet,

68 1983 225 2072 audito,
245 1997 282 2054 et
295 2005 426 2054 rursus
441 2004 518 2078 qua
524 1993 642 2078 parte
652 1986 844 2080 strepitum
851 1989 1076 2080 perceperis,

68 2127 114 2174 ea
125 2117 276 2175 secato:
290 2099 407 2197 idque
419 2123 499 2170 non
514 2122 589 2169 una
606 2099 816 2170 recentium
834 2124 988 2197 quoque
999 2125 1077 2172 me-

69 2219 246 2292 dicorum
284 2216 497 2290 observatio
530 2213 749 2303 confirmat,
784 2217 935 2314 qualem
965 2241 1078 2314 supe·

69 2338 149 2410 rius
171 2335 227 2432 (a)
253 2327 652 2421 commemoravimus,
679 2347 716 2406 et
738 2332 898 2430 qualem,
912 2337 1078 2432 parentis

71 2457 126 2554 spi
155 2453 211 2552 (3)
238 2451 356 2525 edidit
378 2451 445 2524 cel.
473 2454 683 2540 Fantonus;
707 2475 795 2522 nam
819 2449 867 2530 ad
892 2475 1077 2550 aegrorum

68 2595 222 2644 sensum
237 2569 426 2652 duntaxat
449 2568 612 2664 pertinet
636 2567 716 2639 haec
743 2582 891 2657 nostra,
922 2584 960 2641 et
984 2569 1075 2652 clar.

71 2691 241 2761 virorum
261 2692 317 2759 Jo.
349 2683 501 2756 Davidis
520 2683 730 2770 Mancharti
753 2684 825 2782 (4),
853 2711 895 2758 ac
916 2690 935 2756 J
939 2711 973 2757 o.
992 2686 1078 2758 Phi-

70 2805 167 2905 lippi
177 2802 304 2876 Wolfii
312 2801 377 2902 (5)
390 2799 464 2874 Sed
473 2816 599 2890 tamen
608 2801 685 2874 hoc
704 2803 855 2900 signum
869 2818 1076 2900 nequeest,

71 2949 199 3022 neque
212 2946 291 2996 esse
307 2935 534 3020 perpetuum
549 2934 683 3018 potest.
701 2923 796 2992 Nam
812 2933 1077 3018 praeterquam

73 3040 180 3140 quod
188 3039 372 3122 innostris
380 3039 520 3110 caeteris
529 3052 566 3109 et
574 3038 614 3108 in
623 3036 978 3110 omnibusValsalvae
986 3034 1077 3108 frus·

71 3172 129 3230 tra
148 3157 365 3255 perquires,
383 3153 486 3226 idem
501 3177 658 3252 quoque
672 3150 818 3226 accidet
831 3151 870 3221 in
887 3150 1077 3248 plerisque

72 3269 504 3373 aliorumperlegendis,
528 3271 595 3367 qui
615 3283 691 3340 tam
713 3267 944 3340 luculentam
965 3266 1078 3365 hujus

130 3797 161 3974 ΛΞ
181 3896 259 3972 Eph.
275 3895 314 3951 tt.
332 3896 367 3953 C.
380 3893 466 3952 Cont.
481 3911 517 3964 7,
531 3884 596 3948 obs.
614 3907 680 3948 100.

129 3994 161 4076 5)
180 3995 325 4056 Eorumd.
339 3996 406 4055 Act.
417 4035 426 4069 ,
438 4000 513 4051 tom.'
525 3989 556 4065 5,
571 3990 634 4050 obs.
648 3989 695 4056 34.
