2750 4658
283 391 353 478 248
430 391 500 460 'ne
526 413 741 462 senneser
767 413 891 462 oxusrs
917 413 1127 466 nonnonmr

207 541 220 564 ⁰
281 530 404 600 somni
423 527 528 598 boris
539 528 740 627 repentino
752 526 919 625 quodam
931 527 1192 605 suffocationis
1206 557 1278 606 sen·

280 671 324 718 su
334 648 560 717 excitaretur
570 647 584 714 l
595 646 761 743 Negavit.
775 646 1015 736 Querebatur
1023 665 1149 720 autem
1163 650 1212 722 de
1224 651 1280 723 du·

279 766 363 835 ritie
380 763 543 861 quadam
559 763 606 834 ad
622 765 855 862 superiorem
868 779 1014 862 partem
1028 769 1192 840 ventris:
1207 795 1279 866 qna

281 897 318 954 et
332 907 448 954 manu
464 881 616 952 admota
632 881 927 979 percipiebatur,
939 907 985 954 eo
995 885 1034 955 in
1043 885 1149 973 loco,
1162 889 1280 958 utcui·

278 1000 380 1097 piam
398 1012 523 1097 posset
549 997 767 1073 induratum
785 1024 968 1098 pancreas
989 1001 1119 1073 videri.
1147 1007 1279 1075 Mortui

279 1133 433 1216 apertus
457 1130 591 1186 venter
614 1114 811 1213 patefecit,
839 1117 878 1188 id
905 1143 984 1192 esse
1006 1120 1135 1215 jecur,
1156 1146 1278 1202 sanum
1345 1200 1350 1220 ,

278 1234 452 1333 quidem,
472 1232 538 1306 sed
564 1233 742 1331 depresso
766 1258 787 1304 a
814 1234 955 1308 dextris
981 1235 1276 1337 diaphragmate,
1349 1257 1351 1290 ¹

280 1354 388 1449 cujus
406 1351 459 1423 ibi
478 1367 611 1424 natura
630 1351 731 1422 baud
747 1353 909 1451 amplius
924 1378 1057 1426 carnea
1075 1356 1277 1444 videbatur,
1350 1333 1352 1406 l

279 1471 370 1542 illuc
382 1495 460 1568 quo
476 1470 658 1557 diximus,
671 1471 919 1570 compulsum.
933 1472 1081 1544 Thorax
1092 1491 1220 1546 autem
1230 1502 1276 1547 re·
1351 1410 1353 1530 l

279 1588 406 1662 clusus
428 1591 610 1677 ostendit,
640 1605 780 1661 tantam
800 1591 854 1660 illi
872 1590 1168 1690 diaphragmatis
1192 1595 1276 1692 parti

279 1731 386 1807 aquae
404 1709 549 1807 copiam
568 1708 809 1798 incumbere,
821 1723 863 1779 ut
876 1710 986 1781 etiam
1000 1710 1274 1799 mediastinum,

279 1828 453 1922 quamvis
461 1829 620 1900 crassius
628 1825 1049 1930 factum,sinistrorsum
1059 1829 1273 1927 impelleret.

329 1972 384 2042 27.
409 1943 875 2043 Diaphragmaaliqnando
887 1944 935 2017 ab
948 1943 1179 2043 amplificato
1189 1962 1275 2018 certa
1356 1924 1357 2004 l

278 2062 325 2135 de
336 2087 444 2135 eausa
457 2064 638 2161 pulmone
649 2063 803 2134 dextero
811 2061 923 2136 fuisse
931 2062 1153 2162 depressum
1161 2121 1172 2154 ,
1180 2065 1274 2149 adeo,

276 2198 319 2255 ut
326 2184 453 2278 jecur,
471 2184 640 2280 alioquin
650 2207 798 2270 sanum,
812 2180 989 2254 deorsum
1000 2198 1125 2254 actum
1141 2209 1213 2281 pro
1223 2199 1274 2254 tu·
1358 2239 1359 2252 ,

275 2327 415 2374 morea
430 2301 585 2372 medicis
595 2299 970 2389 haberetur,audivi:
987 2299 1034 2371 ab
1045 2325 1151 2397 aquae
1162 2318 1274 2374 autem
1359 2369 1360 2380 ,

279 2421 405 2517 copia,
428 2421 468 2488 in
487 2419 637 2490 sinistro
664 2418 829 2491 thoracis
857 2443 948 2490 cavo
971 2418 1184 2509 cumulata,
1206 2419 1274 2489 dia·

276 2535 461 2634 phragma
484 2561 529 2606 ea
555 2561 633 2631 qua
652 2537 875 2634 oesoplzagus
895 2535 1143 2634 progreditur
1150 2550 1274 2634 parte,

278 2660 397 2723 instar
420 2659 520 2728 sacci
544 2678 673 2724 versus
700 2659 887 2724 sinistrum
916 2677 1041 2724 renem
1060 2669 1274 2750 protrusum

265 2772 405 2863 fiu'sse,
429 2786 470 2839 ut
484 2769 711 2842 ventriculus
729 2770 859 2868 hepati
873 2773 1141 2868 superjaceret,
1163 2773 1201 2840 in
1219 2772 1273 2839 Se·

273 2886 475 2986 pulchreto
489 2887 544 2985 (1)
554 2888 638 2986 legi.
657 2893 840 2960 Caeterum
858 2912 941 2985 quae
957 2886 1020 2958 hic
1033 2881 1271 2984 mihibydro-

272 3007 333 3103 pis
348 3004 511 3077 thoracis
526 3007 630 3103 signa
642 3003 850 3094 defuerint,
861 3006 947 3076 satis
956 3005 1143 3103 intelligis
1157 3008 1271 3074 Homo

273 3131 400 3195 tamen
420 3121 574 3195 difficile
589 3122 817 3221 respirabat,
832 3124 917 3195 etin
929 3122 1088 3195 alterum
1100 3121 1271 3193 duntaxat

273 3241 370 3312 latus
381 3242 537 3337 jacebat.
556 3241 676 3331 Quid,
692 3265 780 3312 cum
796 3241 908 3312 etiam
922 3239 1000 3312 haec
1015 3239 1152 3338 desunt
1165 3240 1269 3310 lCre-

275 3357 341 3430 des
358 3357 533 3449 fortasse,
559 3385 620 3430 me
638 3358 700 3431 hic
721 3360 999 3458 producturum
1015 3357 1131 3430 Ruffii
1147 3360 1185 3428 in
1198 3359 1268 3428 vir·

273 3478 381 3576 gine,
400 3492 437 3548 et
460 3475 626 3576 Wepferi
648 3480 688 3548 in
712 3477 950 3550 adolescente
970 3477 1265 3582 observationes:

272 3619 365 3694 quas
382 3596 560 3666 nimirum
582 3601 648 3695 qui
667 3596 826 3688 indicat,
845 3598 946 3668 illam
971 3598 1176 3694 virginem,
1203 3594 1267 3678 ait,

309 3967 353 4046 (1)
373 3971 407 4034 L.
422 3988 457 4044 a,
474 3973 503 4031 S.
519 3990 553 4046 7,
570 3969 604 4028 iu
616 3965 714 4030 schol.
727 3971 766 4030 ad
778 3970 843 4030 obs.
859 3969 914 4043 25,
927 3969 960 4026 in
972 3967 1120 4026 additam.
