2832 4662
251 439 326 519 55⁴⁴)
421 465 468 511 nn
494 461 641 510 sranius
666 461 710 506 nr
735 457 859 506 musis
884 457 1096 506 normann

250 715 855 745 mmmmm
949 711 951 714 '

254 915 529 1000 anorum
554 849 1137 996 nuauontcnnumca
1152 911 1250 995 xx.

297 1151 437 1246 Agitur
449 1147 681 1253 depeotorti,
700 1145 877 1234 laterum,
892 1157 931 1216 ct
946 1141 1051 1214 dorsi
1063 1140 1208 1215 dolore.

248 1363 350 1486 Tor
364 1428 452 1486 sunt
467 1428 548 1486 tum
561 1412 759 1502 Vaisalv'ae,
778 1427 860 1483 tum
876 1425 1013 1484 nostrae
1026 1407 1260 1482 obseruatio-

244 1555 314 1604 nes
332 1531 379 1602 ad
394 1531 565 1602 dolorem
583 1533 768 1629 pectoris,
791 1531 966 1618 laterum,
981 1543 1019 1601 et
1038 1527 1164 1616 dorsi,
1191 1521 1257 1600 sed

245 1649 433 1752 praecipue
462 1650 626 1748 pectoris
657 1661 695 1722 et
721 1649 882 1720 laterum
914 1647 1174 1746 pertinentes,
1214 1659 1258 1715 ut

247 1769 419 1866 quamvis
435 1793 565 1840 earum
580 1767 726 1868 aliquot
742 1768 781 1838 in
794 1767 874 1838 aliis
890 1764 937 1836 ad
954 1779 989 1836 te
1001 1762 1257 1860 litteris(1)ad

248 1907 341 1983 quas
357 1889 468 1958 etiam
482 1883 725 1984 spectabant,
740 1883 1018 1986 scripserimus,
1030 1897 1066 1953 et
1079 1881 1258 1980 scripturi

248 2004 381 2093 simus;
400 2027 580 2102 cogamur
596 2017 724 2074 tamen
742 1995 908 2100 reliquas
924 1997 1091 2071 dividere
1105 1999 1145 2069 in
1162 1999 1258 2096 epis·

142 2179 143 2184 ,
246 2122 340 2192 tolas
359 2121 472 2210 duas,
488 2145 650 2219 quarum
665 2121 787 2220 prima
799 2145 881 2218 quae
895 2117 1072 2193 Valsaltae
1088 2131 1187 2206 sunt,
1201 2115 1256 2186 ai·

247 2253 327 2309 tera
346 2249 429 2336 qu'ae
446 2254 599 2330 nostrae,
618 2237 902 2337 complectatur.
980 2248 983 2256 '

298 2384 330 2426 2.
350 2357 582 2429 Rhedarium
595 2358 710 2454 igitur
724 2355 784 2428 ille
800 2355 892 2426 vidit
906 2379 1094 2426 annorum
1109 2353 1260 2424 circiter

249 2473 542 2571 quinquaginta,
569 2475 636 2572 qui
661 2474 730 2546 etsi
762 2449 902 2544 annum
932 2487 1054 2544 totum
1088 2469 1289 2543 febr-thur

249 2593 461 2677 vexaretur,
478 2607 591 2694 atque
606 2590 701 2662 ade'o
716 2591 1040 2665 novissimeetiam
1055 2590 1259 2687 peripneu-

250 2706 393 2793 monia,
409 2706 516 2778 inani
537 2709 646 2798 tussi,
664 2706 808 2780 difficili
824 2708 1089 2807 respiratione,
1106 2720 1146 2777 et
1161 2719 1260 2803 quo-
1311 2785 1314 2793 ¹

251 2821 338 2892 dam
353 2819 560 2896 subdelirio
580 2827 731 2924 stipata,
747 2832 945 2923 nunqnam
965 2839 1092 2896 tamen
1106 2823 1259 2895 decum-

250 2939 340 3012 bere
357 2931 493 3031 voluit,
510 2942 575 3015 sed
592 2967 658 3015 sua
671 2923 997 3042 qualitercumque
1010 2941 1105 3013 obiit
1117 2931 1258 3012 munia.

251 3062 382 3164 ltaque
399 3084 481 3130 non
494 3062 566 3160 nisi
576 3061 728 3157 quinto,
743 3076 807 3150 aut
824 3074 926 3132 sexto
942 3059 1004 3130 die
1021 3059 1260 3157 aperipneu-

250 3179 385 3247 moniae
399 3178 525 3282 initio,
539 3179 578 3247 in
590 3178 854 3249 nosocomium
866 3178 941 3249 suis
949 3162 990 3249 ‘se
1003 3175 1166 3274 pedibus
1176 3200 1261 3246 con·

250 3295 337 3365 tulit
348 3294 430 3364 :ubi
438 3293 569 3366 iisdem
581 3293 893 3394 symptomatibu's
905 3295 1012 3366 valde
1022 3275 1194 3392 agitatus,
1209 3294 1263 3362 in·

252 3424 309 3482 tra
322 3407 436 3482 horas
451 3414 572 3484 XXIV
581 3413 706 3485 uivere
723 3412 841 3485 desiit.

300 3531 347 3599 ln
365 3535 503 3602 ventre
517 3530 714 3638 paululum
735 3531 806 3602 s'eri
825 3513 1002 3628 limpidis
1014 3528 1121 3627 splen
1142 3526 1257 3626 triplo
1276 3521 1283 3530 ⁴

291 3905 335 3984 (ι)
354 3875 1253 3984 vl,n210,'12,14'3vl1‚4;itx11‚‘10³,16',22;xx'xvt,

252 4005 307 4077 ²33
321 4007 483 4082 XXXVII,
498 4023 550 4088 295
563 4011 655 4082 XLV,
672 4009 724 4082 165
738 4009 880 4081 XLVIII,
895 4009 951 4080 323
968 4007 1040 4078 ul,
1059 4004 1105 4064 15.
1208 4013 1211 4020 '
