2832 4662
317 416 388 516 576
481 441 528 488 nr
552 436 700 488 sautans
724 439 769 512 rr
793 437 919 487 caus1s
942 439 1181 504 rroaaoanrr,
1226 433 1231 440 '

314 555 519 642 orationes,
538 568 598 641 et,
617 550 722 650 quod
740 550 907 624 necdum
923 552 1096 626 Valsalva
1110 553 1272 644 viderat,
1287 555 1324 624 iu

314 671 465 745 sinistro
486 672 616 766 major.
629 675 789 757 Fauces,
805 667 874 740 ubi
890 671 1010 766 majus
1022 670 1180 744 fortasse
1193 672 1325 744 vitium

315 804 411 879 erat,
429 789 642 862 examinare
659 810 738 857 non
754 781 870 858 licuit.
892 790 1035 860 Ventre
1055 787 1323 878 dissect0,lien

313 906 484 1004 undique
512 931 582 1005 per
604 904 817 1000 interjectas
842 903 1082 978 membranas
1107 905 1157 978 ad
1182 908 1324 978 vicinas

313 1037 439 1122 partes
455 1023 626 1121 alligatus
642 1021 853 1119 reperitur,
870 1022 911 1092 in
926 1045 1051 1121 eoque
1064 1024 1251 1096 arteriosa
1262 1049 1323 1098 va-

313 1166 353 1214 sa
372 1140 622 1237 cartilaginea.
639 1142 684 1209 In
701 1136 853 1210 dextera
878 1140 992 1212 scroti
1013 1155 1119 1238 parte
1143 1165 1237 1212 cum
1254 1141 1322 1240 hy-

312 1258 463 1331 drocele
482 1254 864 1343 animadverteretur3
888 1254 1051 1330 secando
1072 1279 1223 1354 aqueus
1251 1257 1323 1330 bu-

311 1398 397 1446 mor
422 1372 664 1474 albugineam
690 1373 790 1444 inter
812 1372 978 1446 tunicam
1002 1388 1038 1445 et
1061 1389 1200 1448 testem
1230 1397 1320 1446 con-

312 1492 463 1578 clusus,
493 1491 668 1562 inventus
697 1505 785 1562 est:
816 1489 922 1586 cujus
951 1489 1124 1563 humoris
1156 1491 1321 1591 limpida
1405 1501 1408 1506 '

312 1623 423 1709 guttae
442 1633 486 1682 ex
508 1633 550 1680 ea
569 1606 806 1696 membrana,
831 1609 1036 1707 prasertim
1055 1608 1104 1681 ad
1121 1609 1225 1682 latus
1245 1635 1321 1682 ma·

308 1728 547 1825 jusculoruln
566 1749 743 1797 vasorum
762 1747 1001 1824 compressa,
1018 1723 1268 1802 distillabant.
1287 1733 1320 1800 b

312 1843 454 1919 humor
472 1841 654 1916 validiore
672 1844 770 1942 ignis
781 1844 820 1914 vi
838 1844 878 1914 iu
896 1842 1124 1916 albissimam
1143 1869 1322 1920 concres-

313 1962 685 2036 cebatsubstantiam
701 1987 712 2050 ;
731 1959 919 2034 debiliore
935 1977 1059 2035 autern
1074 1963 1269 2060 paulatim
1282 1967 1321 2034 in·

311 2104 422 2157 auras
441 2079 718 2180 dissipabatur,
739 2077 978 2179 lymphaeque
996 2095 1106 2152 notas
1127 2081 1322 2181 reinque-

78 2213 87 2234 ·
201 2216 203 2220 ·
310 2197 385 2272 bat.
616 2228 619 2236 ·
1317 2221 1321 2230 ·

362 2343 419 2414 27.
440 2316 555 2410 Quod
570 2317 618 2390 ad
629 2315 802 2389 herniam
819 2317 970 2405 attinet,
987 2319 1163 2414 quamvis
1180 2316 1254 2398 sub
1267 2319 1322 2390 al-

310 2434 474 2534 buginea
496 2435 624 2508 tunica
647 2433 949 2508 membranulam
967 2433 1123 2506 alteram
1142 2438 1321 2509 tenuissi-

248 2637 250 2642 ,
309 2577 409 2626 marn
424 2553 605 2641 viderim,
625 2577 708 2650 quae
731 2553 895 2626 testiculi
922 2551 1173 2626 substantiam
1191 2545 1320 2652 proxi-

309 2694 371 2740 me
397 2670 682 2767 complectitur,
710 2683 747 2742 et
776 2671 829 2741 sic
857 2693 956 2768 aqua
981 2669 1081 2742 inter
1113 2685 1319 2770 utramque
1410 2700 1414 2733 ε

309 2785 569 2876 membranam
600 2785 778 2860 concludi
803 2788 986 2884 potuerit3
1012 2801 1139 2860 tamen
1165 2789 1213 2862 iis
1237 2801 1319 2887 quat
1414 2832 1415 2839 κ

310 2905 494 2976 continuo
512 2902 764 3000 subjiciuntur
783 2905 971 3002 spectatis,
989 2905 1121 2976 malim
1139 2905 1320 2996 credere,

309 3024 451 3094 nonita
465 3037 508 3094 ut
524 3021 687 3094 fideliter
705 3021 903 3121 descripsi,
920 3013 1130 3093 Valsalvarn
1148 3022 1319 3094 scribere

307 3139 485 3229 voluisse,
502 3138 568 3212 sed
585 3141 684 3211 inter
698 3140 909 3236 vaginalem
927 3140 1095 3210 tunicam
1115 3153 1152 3210 et
1175 3139 1321 3239 albugi-

198 3336 199 3342 η
307 3282 429 3331 neam.
455 3263 639 3330 Caeterum
662 3281 740 3328 non
766 3281 884 3328 unum
908 3271 964 3328 est
990 3268 1030 3328 in
1057 3254 1221 3328 historia
1248 3257 1318 3329 hac

268 3421 270 3431 ·
309 3373 415 3470 quod
440 3374 607 3444 animum
631 3397 853 3471 suspensum
878 3388 1014 3445 teneat.
1045 3373 1158 3444 Unde
1183 3397 1317 3446 sensns

306 3490 369 3562 ille
384 3493 492 3588 quasi
507 3493 831 3590 strangulationis?
844 3495 975 3590 Neque
989 3492 1098 3563 enim
1115 3490 1199 3580 hic,
1214 3509 1258 3564 ut
1279 3494 1316 3562 in
1359 3483 1363 3492 ⁵

307 3608 532 3707 quibusdam
542 3610 904 3710 peripneumonicis,
914 3633 1010 3707 quos
1020 3609 1251 3708 Gagliardus
1266 3607 1325 3707 (ι)

345 3983 389 4058 (1)
408 3985 508 4040 Relnz.
524 3986 569 4042 de’
586 3937 657 4041 mali
674 3985 703 4042 di
722 3993 818 4060 petto.
925 4001 928 4006 ·
