2766 4670
285 453 351 528 132
434 449 498 522 'ru
524 469 670 520 sumnus
694 470 738 516 rr
763 469 887 518 crusis
913 470 1123 520 unisonum

279 587 402 690 guinis
427 583 532 658 fluxu
556 585 657 656 intra
684 581 799 655 horus
826 587 872 670 24
902 584 1131 656 «innumeri
1157 599 1283 658 autem

276 711 485 792 Ravennae,
499 703 539 776 in
555 700 712 798 aliisque
722 697 881 772 urbibus
888 702 1091 798 provinciae
1107 717 1281 774 nostr'ae».
1374 721 1375 784 i

275 827 376 898 Num
409 843 539 894 censes
565 817 732 890 medicos
760 817 886 889 omnia
915 842 998 916 quie
1024 833 1114 890 tunc
1142 818 1182 901 in
1210 844 1284 892 usu
1374 797 1375 884 ζ

276 955 401 1028 erent,
419 935 688 1034 adstringentis
706 935 746 1003 in
767 935 917 1032 primis,
935 959 1014 1006 non
1035 934 1283 1012 adhibuisse?

274 1059 462 1130 incassum
492 1067 638 1142 tamen,
671 1051 873 1151 utyvides3
901 1053 1044 1151 quippe
1072 1052 1282 1152 epidemica

274 1198 386 1250 causa
408 1171 609 1269 incognita.
630 1173 686 1242 De
703 1159 1025 1268 adstringentibus
1045 1185 1171 1242 autem
1189 1173 1281 1270 ipsis

274 1317 359 1392 quae
380 1288 579 1362 admoneat
603 1286 785 1358 Lentilius
811 1285 886 1383 (1),
908 1285 1080 1377 attende,
1105 1287 1281 1387 illudque

273 1421 473 1510 preterea,
493 1429 585 1478 num
605 1405 651 1488 sit
670 1403 892 1491 verisimile,
909 1427 996 1475 cum
1016 1420 1281 1496 assumuntur,
1319 1429 1324 1444 ·
1374 1473 1375 1488 ,

272 1541 351 1601 tem
377 1526 451 1598 cito
468 1547 598 1624 posse,
616 1523 803 1621 tantisque
824 1520 969 1594 viribus
989 1520 1037 1594 ad
1062 1547 1105 1594 ea
1126 1521 1281 1622 potissi·

272 1668 379 1723 mum
396 1640 444 1718 ad
462 1665 545 1740 quae
568 1663 665 1738 opus
678 1647 796 1728 esset,
822 1662 927 1727 vasa,
948 1663 1074 1738 neque
1092 1637 1281 1714 adstrictis

274 1762 432 1849 caeteris,
452 1758 661 1859 pervenire.
677 1760 722 1828 Et
737 1770 864 1830 temen
879 1779 983 1831 nunc
998 1756 1128 1854 plures
1138 1754 1281 1846 videas,
1374 1795 1375 1856 3

272 1893 431 1980 urgente
441 1875 610 1977 periculo
621 1923 638 1964 ‚.
649 1872 697 1946 ad
706 1871 867 1972 fungum
878 1874 1097 1946 coccineum
1107 1873 1279 1946 Meliten·
1374 1857 1375 1872 ¹

272 2021 352 2072 seur
368 1995 590 2083 decurrere,
608 2015 723 2091 quem
742 2018 791 2065 ne
807 2015 939 2066 verum
951 1990 1105 2090 quidem
1120 1987 1279 2064 fortasse

270 2115 424 2202 habent.
442 2117 521 2210 Ego
544 2112 646 2184 enim
662 2135 708 2182 ex
724 2134 803 2208 quo
828 2133 889 2180 me
915 2131 1031 2206 eques
1049 2106 1278 2198 Melitensis,

271 2233 363 2308 ciuis
372 2253 498 2318 meus,
508 2226 639 2300 docuit
652 2250 768 2324 quam
785 2225 921 2324 exiguo
935 2247 1117 2312 numero,
1133 2226 1278 2324 quippe

270 2351 311 2424 in
330 2345 594 2446 angustissimo
612 2342 788 2442 scopulo,
803 2343 830 2412 ii
849 2339 957 2440 fungi
974 2342 1013 2412 in
1027 2341 1196 2439 singulos
1209 2367 1278 2413 an·

269 2489 342 2541 nos
355 2463 598 2565 proveniant,
616 2475 652 2533 et
662 2485 737 2558 qua
751 2475 866 2538 cura,
883 2474 926 2530 ut
937 2459 1027 2532 viris
1039 2458 1278 2557 principibus

156 2611 161 2618 ·
270 2583 376 2658 douo
397 2579 613 2668 mittantur,
632 2578 771 2651 servari
794 2576 959 2666 soleant;
981 2575 1191 2675 plurimum
1217 2601 1279 2650 ve·

269 2725 378 2790 reor,
394 2724 442 2772 ne
458 2697 487 2770 ii
501 2697 568 2796 qui
587 2696 738 2780 venales
752 2708 944 2793 prostant,
959 2717 1003 2765 ex
1022 2693 1174 2789 alioqui
1191 2716 1279 2791 pro·

270 2842 319 2920 pe
343 2820 562 2916 Drepanum
581 2827 655 2902 est,
679 2810 862 2910 scopulo,
885 2825 950 2882 aut
975 2835 1020 2882 ex
1038 2806 1161 2880 Africa
1184 2807 1276 2882 affe-

269 2949 423 3022 rantur,
442 2930 580 3006 similes
604 2928 759 3028 quidem
781 2925 923 3016 forma,
950 2940 988 2999 et
1011 2924 1275 3024 quadantenus

269 3053 382 3127 etiam
403 3049 549 3139 colore,
566 3047 633 3122 sed
646 3048 777 3146 longe,
791 3059 835 3118 ut
849 3042 950 3118 idem
969 3043 1136 3133 dicebat,
1152 3045 1274 3143 impa-

267 3194 329 3244 res
344 3165 499 3240 viribus.

223 3371 228 3378 Ι
318 3285 375 3358 26.
403 3288 494 3355 Duae
520 3305 602 3380 quae
628 3280 798 3352 omnium
823 3291 1019 3377 postremae
1040 3276 1080 3348 in
1105 3279 1271 3352 sectione

243 3401 248 3410 “
266 3401 339 3476 hac
350 3399 640 3501 producuntur,
662 3394 960 3484 observationes,
977 3393 1111 3483 ambae,
1122 3411 1165 3467 ut
1180 3395 1270 3467 dici-

266 3532 342 3610 tur,
355 3521 482 3592 Romae
500 3513 656 3602 habitae3
673 3513 859 3610 ejusmodi
875 3528 982 3602 sunt,
999 3527 1041 3586 ut
1054 3513 1167 3584 altera
1188 3537 1270 3611 quae

266 3635 314 3707 de
333 3633 510 3707 hirudine
529 3646 584 3704 est
599 3656 618 3704 e
636 3631 791 3704 naribus
808 3631 856 3704 ad
872 3619 1018 3704 cerebri
1038 3630 1186 3704 tunicas
1202 3654 1269 3729 pe·
1299 3707 1302 3714 ,

303 3987 347 4069 (ι)
368 3987 481 4052 meu
500 3987 573 4048 ors,
591 4005 640 4064 90.
739 4039 742 4046 ,
