2750 4658
300 432 370 504 282
464 453 511 500 na
538 453 683 502 seorsus
708 453 752 500 rr
777 453 902 506 cansrs
926 452 1140 507 uouuonuu

298 568 404 667 quod
421 565 674 666 improbares,
685 579 750 638 aut
762 565 809 642 de
823 591 905 663 quo
917 566 979 640 iila
990 585 1299 666 conquereretur,
1364 609 1365 644 ;

296 686 444 778 Quibus
461 700 657 785 permotus
672 684 889 760 Albertinus
908 686 947 763 in
964 686 1128 765 otiorum
1144 690 1299 764 nomivit

297 806 530 880 sententiam.
548 809 620 878 Pro
638 827 703 876 sua
722 818 845 880 autem
860 802 1029 880 baseos
1050 805 1302 893 existimabat,

297 923 402 1021 quod
426 923 535 1020 virgo
560 920 631 996 sibi
655 945 721 994 cor
739 920 904 1018 gravari,
925 936 1104 1018 tanquam
1125 947 1216 999 saxo
1233 925 1298 1000 ins«

296 1042 439 1139 posito,
460 1037 660 1124 sentiebat,
679 1054 716 1112 et
738 1038 844 1135 quod
870 1065 953 1118 eum
973 1040 1108 1128 silens,
1126 1057 1164 1117 et
1182 1042 1299 1138 quiea·

297 1181 388 1232 cens
410 1157 656 1255 oppressione
674 1156 735 1230 illa
754 1155 896 1246 comis,
919 1155 966 1228 de
986 1182 1060 1254 qua
1077 1158 1190 1236 initio
1209 1157 1296 1236 dui-
1366 1166 1367 1259 i

296 1299 401 1361 mus,
420 1299 498 1346 non
512 1288 731 1370 angeretur,
753 1276 782 1346 si
801 1274 943 1371 aliquid
963 1299 1086 1372 agere,
1105 1259 1300 1372 aut-paulo
1366 1277 1367 1336 i

296 1391 435 1464 diutius
450 1391 556 1488 loqui
574 1391 700 1476 vellet,
720 1393 902 1466 continuo
921 1391 1050 1464 eadem
1072 1393 1298 1490 angebatur,

295 1509 403 1604 cujus
424 1511 471 1580 ira
493 1533 643 1584 sensum
671 1510 880 1606 exprimere
902 1509 1063 1596 solebat,
1082 1512 1193 1607 quasi
1215 1535 1295 1585 eum
1367 1552 1368 1640 1

293 1626 332 1700 in
353 1651 484 1725 magna
499 1628 700 1726 constipati
726 1628 858 1725 popuii
876 1627 1109 1726 frequentia,
1128 1628 1295 1726 undique

293 1747 607 1844 constringimur,
621 1760 657 1816 et
675 1769 740 1818 coa
747 1762 911 1824 rotamur
922 1773 929 1820 z
942 1770 1022 1824 eam
1036 1762 1164 1822 autem
1176 1745 1295 1824 cordis

293 1864 577 1960 oppressionem
590 1862 681 1934 levis
693 1863 863 1962 quaedam
881 1864 995 1937 animi
1011 1864 1120 1960 quasi
1137 1861 1294 1946 desertio

293 1980 571 2054 comitabatur:
596 1980 726 2078 parisus
758 2007 846 2054 vero
879 2007 1046 2079 semper,
1066 1981 1181 2062 etiam
1213 2004 1293 2058 outa
1368 2031 1369 2076 i

293 2098 522 2194 quiesceret,
541 2096 684 2172 debiles
701 2113 819 2184 erant,
836 2103 928 2188 Quae
950 2123 1008 2178 res
1025 2122 1113 2178 sane
1130 2094 1293 2194 perdiffiv

292 2215 400 2288 silem
425 2214 631 2288 reddebant
661 2217 917 2303 curationem
936 2235 1034 2289 nam¹
1046 2229 1292 2314 preterquam

292 2333 444 2429 quodsi
468 2333 750 2409 medicamentis
771 2333 905 2414 eiicere
925 2349 1155 2414 sanarentur
1172 2357 1295 2433 agges·

290 2465 372 2522 tum
391 2475 515 2524 serum
530 2505 539 2535 ,
553 2465 674 2528 metus
690 2466 769 2526 erat
792 2477 839 2528 ue
856 2452 921 2524 ilio
943 2453 1071 2550 potius
1087 2451 1194 2548 quad
1213 2475 1291 2531 saa·

292 2568 397 2663 guini
418 2570 669 2644 necessarium
690 2584 763 2656 est,
776 2569 979 2648 imminuto
991 2623 1001 2657 ‚
1015 2569 1078 2650 hie
1094 2570 1219 2648 multo
1232 2569 1293 2648 niv

291 2708 364 2757 nus
380 2679 485 2754 facile
505 2709 652 2782 persor
670 2702 832 2773 mearet,
847 2710 942 2783 aqua
957 2710 1148 2784 pressum,
1162 2703 1203 2763 et
1225 2688 1291 2767 hu*

287 2802 350 2898 jus
369 2816 444 2874 tam
459 2801 637 2877 diuturna
650 2829 755 2882 mora
765 2804 842 2900 jam
854 2802 1183 2893 flaccidumriiiud
1196 2819 1292 2879 certe

290 2909 370 2994 erat
383 2923 723 3010 evidentissimum,
742 2945 993 3021 qaaecumque
1005 2921 1171 3002 remedia
1182 2921 1293 3020 paule

290 3056 412 3114 essent
430 3043 615 3138 majorum
632 3042 789 3128 virium,
808 3040 909 3120 idem
922 3037 1064 3119 factura
1078 3038 1187 3146 quod
1200 3037 1292 3118 fane

289 3173 346 3230 ret
364 3161 535 3257 corporis
552 3173 702 3246 motum
722 3183 805 3256 quae
818 3172 945 3236 autem
963 3157 1127 3245 lerion,
1140 3181 1186 3236 aa
1204 3179 1291 3236 vero

288 3293 354 3348 aut
379 3276 494 3365 nihil,
515 3292 578 3350 aut
599 3301 678 3354 non
702 3277 789 3352 satis
814 3277 898 3374 opis
919 3299 998 3354 esse
1024 3275 1158 3354 latura.
1179 3271 1291 3366 Quod

287 3409 326 3464 et
343 3394 497 3482 accidit3
516 3418 603 3469 nam
616 3395 726 3472 sicuti
736 3393 815 3470 baso
824 3393 1078 3492 prospiciens,
1094 3407 1190 3472 tuac
1201 3417 1288 3490 praev

288 3509 432 3586 dixerat
455 3510 692 3600 Albertinus,
714 3535 761 3584 eo
796 3512 903 3609 virgo
927 3506 1097 3589 confecta
1128 3508 1290 3606 denique

287 3628 425 3706 morbo
443 3645 508 3704 est.
529 3633 727 3708 Nemeum
741 3655 891 3708 annum
911 3627 958 3706 ab
979 3628 1134 3710 ineunte
1157 3624 1290 3706 morbo

288 3747 401 3820 vitam
420 3748 610 3835 traxisset,
629 3747 676 3821 ad
691 3761 824 3826 catera
843 3746 930 3824 addi
948 3745 1063 3842 erepit
1083 3757 1291 3823 mouentur

195 3881 197 3886 ’
285 3866 363 3939 rius
391 3865 642 3963 punctionum
669 3889 819 3954 sensus,
840 3861 999 3942 subinde
1016 3885 1235 3947 recurrent,
1251 3860 1288 3930 iu

284 3979 418 4058 affecto
435 3981 520 4058 loeo
532 4035 541 4070 ,
554 4007 641 4057 cum
653 3983 799 4066 levibus
812 3981 953 4060 ibidem
966 3977 1288 4062 eoumlsionibus
