2820 4662
294 477 365 568 668
457 497 504 550 na
531 495 676 550 sautans
702 503 746 550 ar
772 501 897 554 causis
923 503 1136 558 narrarunt

293 633 331 690 et
344 617 588 714 Hippocrates
600 615 681 713 ipse
697 615 864 688 cumbas
878 619 1173 718 interceptiones
1186 647 1298 722 expo·

293 735 350 806 nit
366 759 447 834 quae
460 757 553 804 sano
566 739 785 828 contingunt
797 734 937 830 absque
946 739 1147 828 manifesta
1161 765 1296 828 causa,
1403 757 1407 808 t

1402 865 1408 1006 l

255 899 260 909 ·
292 846 1297 948 corquidem‚autheparmemorat,eerebrumautem

289 991 549 1067 nequaquam3
567 965 711 1036 idcirco
726 990 806 1036 non
822 967 902 1040 ausi
917 991 1046 1041 sumus
1060 974 1298 1068 experimen·

186 1095 193 1106 '
289 1084 447 1173 tum,de
459 1107 537 1181 quo
550 1082 763 1179 loquimur,
777 1083 995 1182 Hippocrati
1007 1101 1143 1158 notum
1155 1089 1297 1182 dicere,

289 1203 397 1302 quasi
412 1200 459 1271 ad
480 1199 554 1271 hoc
572 1198 774 1287 allusisset3
794 1200 1070 1300 maluimusque
1089 1203 1136 1276 ab
1155 1208 1296 1280 Aristo·

289 1319 361 1392 tele
378 1317 525 1387 initium
541 1340 685 1414 capere.
702 1317 779 1388 Nec
797 1331 833 1390 te
854 1319 999 1416 pigeat,
1023 1319 1130 1417 quod
1148 1325 1296 1421 experi-

287 1448 461 1508 mentum
481 1432 528 1505 ab
552 1457 597 1504 eo
617 1449 897 1522 memoratum,
913 1457 991 1506 non
1010 1435 1057 1507 ad
1081 1438 1171 1509 colli
1200 1456 1296 1514 arte-
1400 1488 1404 1527 ς

287 1553 380 1641 rias,
398 1550 463 1623 sed
480 1549 527 1621 ad
546 1573 659 1623 venas
676 1566 844 1648 spectare
863 1551 1150 1625 ostenderimus.
1182 1558 1292 1628 Nam-

287 1693 362 1768 que
381 1669 492 1740 etiam
512 1666 558 1739 de
578 1667 652 1740 hoc
682 1669 800 1740 altero
822 1667 967 1763 videbis
991 1683 1139 1768 pastea,
1161 1677 1293 1770 quanti

283 1786 455 1858 retulerit
474 1784 536 1856 hic
554 1784 669 1856 verba
684 1782 826 1860 fecisse.

298 1947 301 1954 ·
335 1903 392 1974 23.
413 1901 512 1972 Illud
531 1916 656 1975 tamen
675 1900 781 1999 quod
797 1903 845 1975 ad
862 1901 952 1976 colli
969 1906 1123 1976 arterias
1139 1907 1292 1996 attinet,

284 2021 582 2118 experimentum
607 2021 731 2117 ipsum
755 2045 908 2118 quoque
930 2023 1061 2121 priscis
1080 2020 1201 2096 luisse
1231 2049 1290 2097 co-

253 2125 257 2138 ’
285 2139 453 2237 gnitum,
467 2137 642 2236 praeclare
656 2136 776 2235 liquet
787 2163 832 2212 ex
842 2135 954 2268 RQ>
966 2139 1193 2237 Ephesio(1)
1204 2195 1214 2229 ‚
1226 2144 1290 2239 qui

284 2256 437 2328 arterias
452 2278 528 2353 per
553 2253 690 2326 collum
707 2256 923 2343 subeuntes,
943 2252 1159 2346 carotidas,
1179 2256 1225 2326 id
1241 2273 1292 2329 est

282 2375 518 2464 somniferas,
538 2377 732 2469 antiquos,
760 2373 831 2462 ait,
854 2378 1084 2460 nominasse,
1109 2380 1290 2470 quoniam

284 2513 504 2587 compressa
530 2488 717 2560 hominem
743 2512 879 2587 sopore
896 2491 1124 2586 gravabant,
1145 2515 1289 2562 vocem·

283 2630 356 2703 que
371 2603 596 2676 adimebant.
614 2607 707 2676 Tum
716 2604 811 2677 illud
819 2604 988 2702 subjicit,
1006 2606 1111 2703 quod
1130 2607 1174 2678 in
1185 2633 1287 2680 erro·

283 2744 365 2793 rem
378 2722 488 2793 traxit
504 2719 696 2794 Danielem
710 2722 916 2811 Clerieum,
930 2723 1191 2820 pereruditum
1207 2725 1287 2796 alia

210 2851 212 2856 '
283 2839 378 2937 quin
390 2839 533 2908 virum:
552 2841 732 2910 Caeterum
747 2854 875 2909 nostro
886 2838 1024 2912 saeculo
1037 2865 1115 2914 non
1127 2845 1286 2912 arteria·

282 2979 383 3045 rum,
397 2954 465 3025 sed
475 2979 671 3026 nervorum
683 2960 932 3026 censoriarum
941 2979 1068 3054 prope
1073 2957 1283 3051 jacentium

202 3093 209 3108 ·
282 3072 325 3144 id
339 3077 473 3162 uitium
489 3095 584 3158 essa,
598 3055 825 3168 compertam
841 3086 903 3142 est.
918 3072 1014 3142 Hinc
1027 3072 1146 3162 disce,
1162 3074 1284 3170 inquit

280 3189 448 3262 Clericus
459 3187 513 3284 (a)
529 3217 545 3253 «
559 3211 694 3259 nervos
712 3190 778 3285 qui
790 3203 919 3284 postea
938 3204 1175 3261 recurrentes
1196 3203 1280 3260 sunt

279 3333 298 3369 »
319 3305 514 3403 appellati,
526 3319 617 3375 tunc
633 3327 764 3376 recens
776 3307 948 3376 inventos
961 3302 1117 3394 fuisse»,
1132 3321 1171 3378 et
1181 3305 1282 3404 quod

281 3418 640 3517 consequitur,alibi
650 3419 704 3516 (3)
712 3421 763 3490 ait
776 3451 793 3486 «
804 3443 882 3490 esse
892 3419 1279 3512 animadvertendum,

281 3567 298 3605 a
317 3537 501 3608 Galenunr
517 3535 587 3608 sibi
603 3535 979 3621 tribuereinventum
994 3536 1135 3610 horum
1151 3563 1281 3612 nervo

318 3837 363 3915 (1)
382 3838 428 3894 De
445 3851 527 3908 corp.
541 3809 623 3890 huni.
634 3846 712 3909 part.
728 3835 836 3910 appell.
848 3836 869 3892 l.
884 3855 916 3906 1,
933 3827 954 3891 t'.
970 3836 1017 3904 34.

318 3937 363 4014 (a)
384 3934 459 3992 llist.
475 3933 513 3990 de
524 3934 554 3990 la
564 3934 678 3995 Medec.
693 3935 727 4010 3,
740 3945 820 4017 part.
832 3935 851 3994 l.
867 3951 900 4010 a,
917 3935 965 3994 ch.
979 3935 1007 3994 3.

314 4033 360 4114 (3)
378 4036 413 4094 L.
430 4034 463 4109 3,
479 4029 525 4092 ch.
539 4051 568 4108 7.
991 4063 994 4070 ·
