2812 4660
149 485 211 532 una.
236 485 276 532 n.
291 485 350 532 'un
375 481 511 532 uonrrs
534 483 728 552 ruonacts,
753 487 864 536 rrtsr.
889 489 991 538 xvm.
1019 475 1086 558 ἀοι

106 597 319 684 aliorum,et
331 623 397 671 sua
408 597 507 696 apud
516 600 692 669 eximium
704 601 824 672 virum
834 606 1093 706 Senacium(1)

59 813 63 827 '
107 715 141 785 in
157 741 201 788 eo
217 718 354 815 capite,
381 741 459 814 quo
476 731 740 813 argumentum
763 719 837 791 hoc
857 723 1095 819 peculiariter

78 846 84 866 '
108 845 229 905 tractat
239 859 289 906 ea
306 835 432 932 copia,
455 848 569 930 atque
598 835 763 923 solertia,
782 852 826 908 ut
846 861 891 909 eo
909 840 1094 937 perlecto,

104 949 203 1047 plura
219 977 300 1024 non
313 949 419 1024 facile
432 949 621 1030 desideres
638 953 713 1024 sive
731 953 779 1026 de
797 957 916 1028 causis
928 983 1010 1055 qnae
1027 983 1095 1030 cor

103 1065 267 1157 dilatant,
287 1069 362 1142 sive
389 1067 436 1140 de
462 1069 572 1140 noxis
592 1092 614 1139 a
638 1068 791 1142 dilatato
822 1072 936 1146 corde
960 1099 1095 1171 prove·

103 1184 306 1274 trientibus,
325 1186 400 1258 sive
412 1185 460 1257 de
469 1185 615 1258 auxiliis
624 1184 670 1256 ad
683 1184 750 1260 has
763 1189 1006 1301 pninuenclas,
1017 1194 1094 1264 sive

101 1299 142 1374 de
159 1305 273 1402 signis
285 1329 362 1376 nou
379 1301 503 1376 cordis
514 1303 651 1391 modo,
665 1304 729 1376 sed
747 1308 909 1404 partium
926 1310 1006 1406 ejus
1023 1311 1097 1382 sin·

101 1419 262 1516 gularum
276 1422 530 1494 dilatationem
539 1421 810 1509 indicantibus,
825 1431 1030 1521 praesertim
1045 1431 1094 1519 si,

101 1539 200 1634 quod
216 1539 264 1612 ad
278 1539 356 1618 haec
370 1540 522 1627 attinet,
535 1564 578 1611 ea
589 1539 700 1610 simul
713 1538 916 1612 attenderis
930 1569 1013 1640 quae
1027 1546 1095 1616 ati-

100 1652 135 1726 bi
147 1657 198 1754 (2)
212 1657 260 1732 de
277 1655 410 1726 iisdem
425 1670 488 1726 aut
501 1658 741 1753 praenotavit,
760 1673 824 1727 aut
839 1661 995 1755 excepit.

148 1775 201 1848 16.
222 1781 417 1846 ,Hactenus
431 1771 478 1844 de
492 1771 617 1843 cordis
632 1774 965 1870 anenrysm'atibus.
985 1779 1097 1858 Nunc

100 1889 189 1964 illud
210 1891 426 1990 proximum
452 1903 522 1977 est,
541 1904 584 1959 ut
603 1907 865 1988 aueurysmata
882 1915 1097 1991 proponam

96 2009 240 2105 ¹arteriae
258 2033 411 2105 magnae.
427 2007 609 2105 Incipiam
624 2021 748 2078 autem
762 2005 885 2078 abillo
903 2011 1011 2104 cujus
1026 2010 1098 2084 his·

97 2127 230 2198 toriam
247 2126 401 2196 minime
418 2123 570 2221 dignam
580 2135 674 2221 puto
691 2149 774 2221 quae
790 2125 1007 2216 intercidat,
1021 2130 1098 2200 sive

96 2241 143 2316 ob
164 2245 291 2314 virum
310 2265 425 2338 quem
448 2241 614 2330 sustulit,
640 2242 716 2312 sive
736 2241 787 2312 ob
807 2267 871 2313 eos
893 2245 1103 2340 praesertim

95 2360 223 2461 quide
239 2360 317 2455 ejus
329 2357 464 2429 morbo
478 2360 716 2456 scripserunt.
733 2360 815 2429 Fuit
830 2359 1099 2446 illeMutinen-

95 2480 144 2552 sis
171 2477 453 2576 protomedicus
470 2479 655 2548 Antonius
676 2479 923 2567 Ferrarinius;
945 2478 984 2548 hi
1007 2503 1098 2552 vero

94 2594 353 2668 Bernardinus
377 2595 640 2680 Ramazzinus,
673 2609 709 2665 et
737 2596 939 2667 Marcellus
966 2598 1100 2696 Malpi·

97 2712 215 2812 ghius.
235 2717 329 2785 Cum
348 2713 449 2784 enim
471 2715 597 2784 omnia
619 2711 816 2810 Malpighii
834 2713 949 2811 ipsius
966 2738 1098 2786 manu·
1141 2723 1145 2736 '

98 2833 240 2932 scripta·
261 2830 424 2902 Consilia
446 2828 591 2900 medica
611 2828 798 2925 (quorum
822 2855 946 2927 neque
969 2857 1099 2904 nume-

98 2973 181 3038 rus,
199 2972 326 3046 neque
339 2945 552 3042 aliquorum
569 2947 792 3041 presertim,
808 2947 902 3016 ratio
921 2945 1028 3018 facile
1040 2973 1102 3020 aes-

97 3068 264 3141 timanda
290 3079 376 3137 suut
402 3089 447 3134 ex
475 3062 557 3133 illis·
575 3087 657 3159 quae
679 3063 855 3133 nonnulli
881 3062 1100 3154 ediderunt,

100 3161 266 3282 ejusdem
283 3182 463 3278 consitiis)
474 3180 712 3277 medieasque
731 3181 776 3250 ad
794 3183 916 3276 ipsum
931 3183 1103 3280 undique

99 3307 226 3375 missas
246 3301 434 3400 epistolas,
452 3294 635 3370 Albertini
656 3297 714 3366 sui
731 3293 915 3368 beneficio
935 3300 1101 3398 perlege·

100 3443 191 3509 rem;
204 3421 244 3490 in
260 3419 341 3518 illas
357 3415 452 3488 forte
464 3416 598 3499 incidi,
612 3437 734 3510 quasa
745 3414 869 3484 morbi
884 3441 997 3512 quem
1011 3418 1099 3506 dixi,

100 3535 208 3609 initio
235 3536 281 3606 ad
312 3533 426 3607 linem
455 3558 574 3630 usque
605 3533 846 3602 Ramazzinus
877 3535 1099 3606 consulendi

101 3677 210 3728 causa
224 3653 428 3724 identidem
442 3651 489 3724 ad
502 3649 748 3746 Malpighium
765 3649 1099 3747 mittebat.‘Exqui-
1177 3650 1180 3657 '

1031 3823 1043 3832 ,,

140 3939 185 4019 (ι)
207 3940 307 3997 Traitd
324 3939 365 3995 du
379 3957 476 4007 coeur,
492 3940 512 3992 l.
527 3943 559 4005 4,
573 3931 619 3992 ch.
632 3917 660 3990 il.

139 4031 954 4200 (a)L.4,¹ch.4,u.4,ch.9‚n.7‚eteh.1r,u.gg
1040 4027 1042 4034 ’

175 4164 207 4210 2·
909 4155 928 4199 2
