2812 4660
228 427 297 476 nrr.
325 429 365 475 11.
394 429 440 475 nr
467 422 962 490 uonn1srn0nacrs,nr1sr.
989 428 1077 475 xvu.
1107 402 1181 503 359

169 563 300 629 succa,
316 555 358 612 ut
372 553 517 638 quanto
540 539 659 636 magis
678 535 725 610 ab
746 540 791 610 iis
815 539 1030 638 discrepant
1053 545 1179 613 omni-

169 657 244 730 bus
263 659 407 756 quasin
427 657 551 730 cordis
565 655 786 728 ventriculis
804 672 974 754 unquam
997 658 1178 750 viderim,

168 790 276 846 tanto
293 777 410 873 magis
425 756 653 872 significent,
674 797 753 844 non
775 797 834 862 se,
852 789 894 845 ut
908 772 993 863 has,
1010 797 1089 848 esse
1110 799 1179 849 no·

167 893 318 964 vissime
340 891 563 990 productam
584 891 726 988 quippe
746 913 826 964 non
844 906 886 963 ut
907 890 964 962 hae
988 895 1179 991 sanguinis

168 1009 329 1096 similes,
344 1010 591 1106 quiunquam
602 1007 697 1086 mihi
712 1031 750 1082 se
765 1007 962 1098 obtulerit,
975 1025 1178 1110 postquam

168 1125 292 1224 pridie
303 1128 342 1198 in
357 1128 475 1198 vitreo
494 1149 578 1199 vase
594 1127 861 1216 concrevisset,
876 1127 1179 1216 examinandum,

166 1242 234 1314 sed
255 1243 369 1341 longe
388 1244 495 1316 aliter
512 1242 561 1314 ad
575 1257 737 1332 tactum,
758 1258 1030 1342 aspectumque
1053 1251 1178 1343 ipsum

166 1383 207 1430 se
231 1357 421 1434 habentes.
446 1365 492 1434 At
512 1363 614 1434 enim
633 1362 673 1432 in
692 1363 840 1434 cunctis
862 1385 942 1434 non
970 1378 1178 1436 occurrunt

165 1479 511 1574 aneurysmatibns,
531 1481 677 1552 etiarnsi
699 1503 860 1568 crassus,
875 1481 1112 1582 viscidusque
1131 1484 1177 1556 sit
1198 1487 1202 1496 ’

167 1596 338 1693 sanguis,
355 1599 499 1680 arteriae
518 1613 644 1668 autem
661 1594 880 1694 superficies
894 1599 1105 1695 inaequalis,
1124 1598 1178 1670 la-

166 1713 292 1784 titudo
308 1715 428 1784 multo
444 1715 627 1811 amplior,
646 1715 808 1811 parietes
832 1711 991 1803 infirmi,
1011 1716 1176 1814 denique

167 1832 296 1902 omnia
311 1833 361 1902 ita
377 1830 575 1929 disposita,
590 1844 632 1900 nt
642 1829 917 1929 depositiones,
931 1831 1178 1908 adhaesioues·

166 1973 244 2046 que
267 1949 510 2046 contingere,
534 1949 726 2046 sanguinis
745 1947 919 2020 videlicet
940 1964 1046 2022 motu
1066 1951 1175 2023 valde

163 2066 387 2153 imminuto,
402 2062 510 2138 facile
523 2064 662 2160 debere
676 2066 897 2155 videantur3
919 2067 1012 2164 quin
1028 2065 1102 2140 hoc
1117 2068 1175 2168 ip·

164 2207 207 2254 so
227 2184 267 2254 in
286 2183 500 2276 viventibus
515 2182 696 2271 canibus,
713 2182 877 2282 obligata
895 2183 1099 2256 arctissime
1114 2202 1175 2256 ar-

162 2302 271 2390 teria,
283 2303 440 2374 omniuo
457 2299 623 2392 sublato,
640 2302 823 2401 polyposa
840 2315 966 2374 tamen
980 2303 1177 2374 concretio

161 2442 279 2516 snpra
310 2419 527 2508 vinculum,
557 2434 600 2490 ut
630 2417 901 2516 Lancisio(1)
925 2434 1176 2518 apparuerat,

160 2561 407 2634 nequaquam
432 2537 619 2635 apparuit,
641 2541 719 2635 Ego
738 2561 830 2608 vero
852 2559 931 2608 non
952 2535 1027 2609 lroc
1049 2537 1172 2609 solum

160 2654 246 2725 viro
264 2655 329 2752 qui
345 2670 503 2753 propter
520 2656 735 2754 ingenium,
758 2653 1012 2754 diligentiam,
1030 2654 1172 2728 doctri-

160 2795 272 2860 nam,
289 2785 326 2844 et
340 2795 508 2846 amorem
523 2772 611 2872 erga
626 2797 685 2844 me
708 2797 818 2846 suum
839 2771 933 2846 mihi
952 2787 1008 2846 est
1027 2774 1173 2846 carissi·

50 2907 53 2914 ·
161 2913 266 2978 mus,
280 2887 442 2962 libenter
458 2889 588 2978 cred03
603 2890 668 2964 sed
684 2890 839 2992 insuper
854 2890 960 2988 quod
986 2889 1034 2961 de
1054 2914 1171 2962 aneu-

160 3007 389 3105 rysmatibus
404 3006 632 3106 quibusdam
658 3007 870 3096 contendit,
885 3006 979 3079 ineis
1003 3007 1174 3078 nonnul·

159 3124 226 3214 lis,
239 3124 417 3197 Valsalvn
429 3140 554 3198 autem
568 3121 760 3223 plerisque
772 3120 1098 3194 observationibus
1112 3121 1173 3225 nl·

160 3256 223 3313 tro
236 3238 431 3314 confirmo.
447 3241 633 3314 Caeternrn
652 3256 696 3312 nt
713 3242 937 3314 innumeros
954 3237 1050 3310 alios
1062 3239 1169 3337 poly-

164 3381 237 3458 pos
251 3376 349 3458 quos
367 3358 486 3432 nimia
507 3358 679 3458 plerique
698 3355 873 3430 facilitate
893 3357 933 3428 in
956 3354 1174 3430 viventibus.

162 3477 383 3576 ponebant,
400 3491 503 3550 recte
518 3476 566 3548 ab
581 3477 667 3575 ipso
680 3476 720 3548 in
741 3473 902 3548 dubium
920 3488 1073 3548 vocatos
1090 3497 1169 3550 esse

161 3591 301 3686 fateor,
316 3619 440 3696 neque
461 3595 577 3668 alium
597 3595 687 3667 nori
710 3594 779 3694 qui
796 3594 992 3666 nervosius
1015 3591 1063 3664 de
1087 3602 1170 3664 tota

200 3962 244 4041 (1)
263 3965 309 4024 De
323 3969 435 4026 Ansam
453 3970 575 4044 Proper.
590 3969 637 4028 38.
