2766 4670
328 644 674 718 CLARISSIMO
705 646 842 718 VIRO
896 637 898 644 '

90 875 1086 1028 GUILIEL-MOBROMFIELD,
1176 869 1182 885 ‘·

154 1129 397 1226 'LQNDINENSI
417 1140 616 1198 CHIRURGO
638 1139 1009 1218 EXPERIENTISSIMO,

100 1360 552 1436 sossius-‚Busan
579 1359 875 1449 Montanus,
900 1363 933 1433 S.
962 1363 999 1434 P.
1027 1363 1072 1434 D.

91 1775 241 1902 Annus
257 1843 328 1917 est,
345 1843 383 1900 et
398 1826 504 1928 quod
517 1835 698 1914 excurrit,
724 1833 787 1901 uir
802 1828 1018 1920 clarissime,
1037 1860 1086 1908 ex

90 1972 160 2046 quo
177 1947 322 2020 litteras
337 1947 391 2018 ad
405 1971 464 2021 me
477 1945 629 2033 dedisti,
642 1970 729 2043 quae
745 1961 819 2019 tuce
828 1950 1087 2044 magisbuma-

91 2071 212 2153 nitati,
231 2088 347 2162 quam
367 2069 457 2136 meis
464 2070 683 2161 promeritis
701 2071 945 2140 convenirent.
977 2069 1090 2160 Quod
1115 2087 1122 2101 ⁴

91 2188 184 2254 enim
203 2177 461 2267 -Guilielmum,
478 2181 614 2273 filium
632 2197 752 2269 tuum,
772 2199 887 2281 patre
904 2183 1084 2280 dignum,

93 2315 127 2372 et
135 2283 293 2372 comiter
302 2304 540 2397 excepissem,
552 2313 590 2369 et
589 2299 820 2396 perlibenter
830 2298 994 2372 docton's
1002 2303 1089 2400 pbi-

92 2416 269 2518 iosopbioe
281 2431 318 2487 et
332 2415 527 2488 medicinae
548 2419 750 2512 insignibus
763 2425 852 2489 mer's
875 2425 953 2517 ipse
968 2427 1086 2492 mani·

92 2535 153 2608 bus
165 2559 368 2620 ornassem,
386 2539 530 2629 gratias
545 2535 638 2606 mibi
646 2537 785 2635 agebas
800 2535 885 2607 illas
896 2563 992 2634 quas
1004 2565 1085 2622 mar·

89 2660 139 2750 gis
156 2679 226 2753 ego
245 2655 353 2756 vobis
370 2650 557 2738 deberem,
582 2677 741 2748 quorum
760 2652 881 2748 altero
902 2660 1084 2757 mittente,

91 2772 183 2844 alter
208 2772 263 2843 ad
283 2793 342 2842 mc
366 2765 612 2856 audiendum,
627 2763 630 2767 ’
648 2784 851 2842 anatomen
875 2771 1085 2860 docentem,

91 2891 291 2988 usquehuc
311 2894 427 2976 uenit,
456 2904 494 2960 et
508 2888 678 2960 assiduus
696 2891 879 2987 quotidie,
906 2872 1085 2964 uitentus-

90 3031 155 3102 que
172 3005 332 3091 audivit,
353 3004 572 3103 italiamque
589 3009 710 3103 officii
725 3032 816 3104 erga
837 3032 910 3095 me,
930 3023 967 3078 et
980 3011 1087 3082 bene·
1155 3067 1156 3071 ,

91 3121 256 3194 robentice
272 3115 580 3220 significationem
590 3131 734 3212 omr'sit‚·
744 3142 796 3211 et,
809 3126 1087 3224 quodproecae·

91 3247 170 3311 teris
187 3255 340 3336 gratum
352 3245 453 3333 fuit,
476 3243 650 3340 quiedam
676 3259 837 3330 mecum,
861 3245 993 3338 quibus
1008 3267 1086 3342 pro

92 3372 152 3428 tua
162 3356 347 3454 singulari
356 3355 509 3430 solertia
521 3385 597 3430 rem
614 3360 859 3456 chirurgicum
870 3384 1008 3456 augere
1024 3385 1086 3434 co-

89 3478 252 3571 gitabas,
278 3457 395 3547 amice
423 3484 714 3549 communicavit.
743 3477 857 3570 Quod
878 3503 969 3556 vero
982 3506 1088 3577 prae·

93 3607 144 3662 ter
157 3601 320 3690 gratius,
337 3593 505 3666 addebas
518 3593 656 3665 iisdem
680 3594 830 3682 litteris,
848 3600 883 3665 si
899 3595 994 3692 quid
1008 3602 1088 3668 istic

87 3735 158 3807 pro
168 3737 228 3782 me
226 3712 336 3802 forte
347 3711 554 3782 curandum
565 3725 670 3799 esset,
682 3726 717 3781 te
732 3711 862 3782 libenti
875 3719 1002 3784 animo
1014 3739 1090 3786 esse

87 3829 277 3914 sucturum
287 3854 299 3911 ,·
317 3827 412 3898 nibil
426 3833 591 3926 optatius
609 3827 872 3926 mibipotuisse
883 3829 1090 3924 obtingere,

91 3969 138 4016 ea
156 3947 228 4018 bac
243 3946 403 4046 epistola
418 3949 509 4041 jam·
523 3970 729 4048 cognosces.
759 3951 888 4043 Regia
907 3951 1004 4018 enim
1031 3951 1093 4020 isti

159 4090 192 4138 a.
877 4086 914 4134 11
