2750 4658
272 429 343 502 280
431 449 477 498 nr
503 438 650 498 sumnus
674 445 719 495 st
744 445 868 496 csusrs
893 446 1103 500 uonrottutt

266 564 418 663 'sagiret
436 568 531 634 Cum
557 563 660 633 enim
683 560 852 657 ejusdem
880 565 1029 662 sympi,
1049 578 1092 635 ut
1115 578 1276 652 vocant,

269 683 376 782 aurei
394 679 629 753 tantumdem
651 683 869 777 sumpsisset
887 695 1071 778 quantum
1093 707 1141 753 eo
1158 679 1219 754 die
1238 684 1276 752 in

271 798 448 872 coenobio
468 798 567 887 aliae,
581 797 716 894 hisque
730 797 909 872 omnibus
923 799 961 870 id
978 799 1077 872 bene
1087 802 1274 889 cessisset;

269 918 342 1017 ipsi
351 915 522 1023 quidem,
540 937 787 1013 quaecumque
795 931 903 990 casus
912 916 1006 989 adeo
1016 918 1160 990 insoliti
1169 939 1276 990 oausa

272 1033 403 1122 fuerit,
428 1033 678 1130 quinquagies
704 1033 982 1131 propemodum
1001 1035 1127 1106 alvum
1146 1035 1274 1106 movit.

270 1153 368 1224 Hinc
385 1175 527 1248 magnae
540 1149 612 1220 seri
631 1149 768 1246 dejecti
787 1153 902 1250 copiae
918 1177 1004 1224 cum
1024 1153 1123 1238 sitis,
1139 1166 1184 1224 ut
1202 1148 1275 1232 fere

272 1270 387 1356 solet,
404 1266 662 1340 'intolerabilis
690 1270 946 1360 successisset,
971 1294 1096 1368 neque
1126 1268 1208 1342 haec
1231 1265 1274 1338 ab

190 1389 193 1397 '
268 1386 425 1483 jusculis
452 1385 656 1482 largissime
678 1387 800 1484 epotis
818 1387 1043 1476 remitteret,
1063 1387 1143 1456 vim
1162 1385 1275 1456 maxi-

271 1527 372 1574 mam
393 1502 518 1574 dilutae
530 1501 749 1576 emulsionis
762 1504 916 1602 ingessit
931 1529 1085 1602 :neque
1096 1503 1190 1574 huic
1202 1517 1276 1573 tan·

272 1635 319 1694 tae
337 1622 501 1720 potionis
520 1623 636 1718 copiae
654 1622 771 1692 urinae
785 1622 894 1720 copia
912 1619 1118 1720 res'pondit.
1142 1619 1277 1692 Postri-

274 1739 335 1813 die
351 1763 437 1810 cum
451 1740 492 1810 in
505 1739 664 1827 lectu10,
679 1754 912 1828 surrectura,
933 1739 1151 1827 resedisset,
1165 1761 1275 1836 seque

273 1855 431 1930 induere
462 1858 652 1954 coepisset,
670 1881 758 1928 cccc
786 1856 948 1954 quadam
972 1856 1097 1929 cordis
1124 1878 1276 1954 oppres·

275 1977 398 2063 sione,
413 1989 450 2045 ct
469 1973 568 2045 hanc
583 1974 790 2071 excipiente
807 1975 923 2044 animi
942 1971 1110 2072 deliquio
1124 1973 1275 2070 corripi·

275 2107 349 2165 tur.
370 2091 512 2164 Exinde
525 2116 567 2164 ea
586 2094 780 2190 oppressio
797 2115 991 2190 nunquam
1008 2091 1117 2164 desiit
1133 2115 1275 2162 exacer-

274 2208 359 2281 bari
391 2210 706 2308 quotiescumque
729 2211 842 2282 nimis
867 2225 931 2282 aut
951 2210 1193 2307 loqueretur,
1219 2219 1277 2278 aut

265 2342 503 2405 moveretur.
531 2327 660 2399 Plures
677 2342 922 2401 accersuntur
940 2327 1086 2400 medici.
1107 2331 1275 2418 Quorum

261 2433 470 2516 ‘sententiae
486 2467 574 2515 eum
589 2443 716 2534 valde,
732 2459 774 2516 ut
791 2447 831 2515 in
848 2444 1035 2542 ejusmodi
1054 2445 1202 2517 morbis
1219 2443 1275 2531 fit,

277 2563 378 2632 inter
407 2585 445 2632 se
471 2541 748 2659 discrepdrent,
774 2561 925 2636 additur
952 2569 1084 2636 eorum
1119 2563 1276 2636 concilio

279 2677 432 2775 quintili
453 2677 529 2774 jam
559 2704 687 2752 mense
714 2679 939 2754 Albertinus.
968 2679 1028 2752 Ibi
1047 2680 1141 2754 alius
1164 2705 1275 2752 aneu-

278 2819 421 2893 rysma,
434 2795 527 2868 alius
540 2797 745 2895 polypum,
760 2798 855 2870 alius
871 2796 1111 2872 tuberculum
1132 2800 1276 2896 pulmo·

279 2939 373 2986 num
392 2915 600 3010 conjicere:
622 2938 692 2987 nec
709 2915 864 2989 deerant
882 2915 1014 3014 qui'de
1030 2915 1171 2988 horum
1187 2971 1197 3006 ,
1221 2929 1277 2986 aut

280 3032 328 3105 de
349 3031 513 3103 thoracis
540 3031 712 3130 hydrope
741 3035 1029 3131 suspicarentur.
1055 3031 1130 3104 Ubi
1154 3034 1204 3106 ad
1224 3033 1278 3104 Al·

264 3148 472 3221 ¹bertinum
488 3164 645 3222 ventum
664 3163 720 3222 est
739 3152 753 3248 (
770 3151 878 3246 cujus
895 3175 956 3223 me
972 3166 1118 3224 cautam
1126 3145 1277 3224 ‘cuncta-

279 3267 424 3338 tionem
436 3267 574 3363 imitari
586 3267 626 3336 in
639 3266 724 3339 loco
739 3293 933 3366 nunquam
946 3270 1138 3368 poenituit,
1158 3272 1278 3368 potius
1351 3281 1355 3292 ’

282 3393 396 3480 quam
414 3383 689 3454 nonnullorum
704 3384 884 3457 audacem
904 3386 1131 3458 celeritatem
1145 3385 1160 3483 )
1172 3410 1277 3484 nega·

280 3499 334 3600 vit
353 3522 433 3570 esse
454 3499 643 3572 modestiae
664 3525 737 3573 suae
751 3502 860 3600 quod
875 3517 932 3576 tot
945 3504 1034 3592 viri,
1053 3517 1180 3592 aetate,
1198 3519 1278 3574 auc-⁴

280 3616 448 3703 toritate,
461 3615 650 3706 doctrina,
663 3619 831 3716 ingenio,
845 3645 916 3692 usu
929 3601 1164 3719 praestantes,
1174 3620 1277 3690 tertio

281 3733 561 3832 propemodum
580 3735 656 3831 jam
680 3761 812 3808 mense
831 3739 917 3810 satis
935 3735 1092 3810 delinire
1113 3761 1195 3808 non
1213 3760 1276 3834 po·

283 3853 462 3941 tuissent,
480 3852 519 3924 id
539 3877 595 3942 se,
610 3854 671 3924 vix
689 3879 783 3953 aegra
798 3870 890 3927 tunc
904 3856 1070 3955 primum
1088 3856 1182 3944 visa,
1195 3877 1278 3928 con·

282 3968 390 4040 tinuo
409 3968 691 4042 decernendum
704 3973 911 4071 suscipere:
927 3974 1094 4046 sinerent
1105 3971 1234 4072 igitur,
1244 3991 1277 4042 se
