2812 4660
279 397 353 490 354
440 419 488 474 or
512 417 660 474 enotatis
686 417 730 466 rr
755 417 880 468 causis
905 419 1116 472 nonnonuu

262 533 436 637 gaudio,
454 557 568 632 quarn
587 531 621 604 si
635 531 747 604 toties
756 546 979 628 praesentem
995 551 1159 610 mortem
1177 562 1293 636 repu-

278 654 392 732 lisset.
412 648 554 728 Εοάοιη
575 657 709 748 postea
726 648 854 724 auxilii
875 673 1035 750 genere,
1051 653 1190 732 additis
1207 655 1292 728 bra-

277 770 452 848 chiorum
474 766 545 843 sub
572 765 705 848 eadent
733 765 878 846 calente
904 791 1002 866 aqna
1026 767 1291 864 frictionibus,

275 885 380 962 haud
399 885 584 964 inutiliter
608 907 700 962 usus
719 907 803 958 suut
823 883 863 957 iu
883 883 1032 965 duabus
1053 889 1288 986 virginibus,

275 1003 371 1105 quas
392 1002 599 1076 vehemens
618 1001 666 1074 ad
691 999 899 1099 precordia
917 1003 1104 1094 anxietas,
1126 1005 1286 1080 alteram

275 1147 362 1198 cum
384 1118 642 1198 suffocationis
663 1141 793 1205 sensu,
810 1116 965 1196 alteram
988 1145 1075 1198 curn
1102 1147 1287 1202 sensuum

274 1238 447 1318 omniurn
476 1234 774 1332 interceptione,
806 1258 876 1333 per
908 1237 1009 1317 vioes
1042 1241 1285 1338 corripiebat.

272 1362 379 1434 Hano
404 1355 505 1434 enim
529 1353 714 1452 virginem
743 1353 797 1432 sic
815 1354 993 1445 excitavi,
1016 1372 1055 1428 et
1075 1358 1285 1452 insultum,

272 1473 417 1571 alioqui
435 1495 514 1547 non
533 1471 712 1559 brevem,
730 1483 775 1548 ut
793 1468 959 1561 solebat,
980 1469 1178 1566 futurum,
1196 1503 1284 1553 mox

272 1589 385 1678 solvit
406 1589 461 1666 illi
481 1603 606 1666 autern
628 1585 784 1685 aliquod
809 1587 941 1666 saltent
965 1588 1137 1670 levamen
1159 1595 1284 1676 attuli.

271 1707 318 1788 Et
333 1733 382 1782 ne
397 1706 445 1784 uh
464 1708 509 1784 iis
523 1705 671 1805 longine
692 1704 848 1795 abeam,
867 1704 1009 1803 quibus
1026 1731 1105 1785 esse
1129 1714 1285 1810 organi.

271 1851 358 1904 cuin
376 1825 423 1902 ad
440 1823 646 1932 praecordia
664 1824 816 1911 uitium,
834 1837 872 1896 et
888 1822 939 1902 ob
957 1824 997 1898 id
1019 1825 1172 1903 crebras
1193 1855 1281 1910 curn

270 1941 490 2020 difficultate
511 1939 677 2040 spirandi
698 1941 924 2031 anxietates,
946 1943 1163 2035 constabat,
1193 1973 1280 2028 cum

268 2061 363 2142 illud
386 2060 521 2138 tollere
543 2081 659 2136 nemo
681 2071 828 2154 posset,
854 2057 921 2132 has
946 2059 1075 2140 saltem
1100 2083 1278 2165 prompte

264 2179 386 2267 adeo,
410 2192 453 2256 ut
476 2177 705 2256 mirarentur
727 2177 794 2273 qui
812 2175 989 2266 aderant,
1011 2183 1223 2276 praesertim
1240 2188 1276 2257 in

265 2295 502 2378 nobilissimo
515 2293 673 2392 patricio
690 2297 858 2383 Veneto,
872 2294 1005 2376 eodem
1022 2293 1122 2374 facili
1139 2301 1277 2377 auxilio

265 2414 425 2490 leviores
440 2413 520 2486 leci.
542 2411 616 2484 Sed
634 2413 745 2488 etiam
761 2413 800 2482 in
817 2414 991 2512 Principe
1008 2419 1274 2508 Serenissimo,

264 2531 313 2606 ad
346 2555 481 2627 quern,
512 2553 592 2602 non
628 2528 856 2608 dissimiliter
885 2529 1088 2624 affectum,
1126 2537 1274 2616 consilii

265 2672 377 2726 nausa
387 2647 529 2724 accitus
541 2644 685 2724 itteram
696 2701 706 2737 ,
717 2648 847 2726 eadem
857 2673 924 2748 spe
936 2650 1036 2728 idem
1051 2675 1272 2750 proponere

265 2791 344 2839 non
363 2763 549 2839 dubitavi:
566 2764 785 2864 quanquam
800 2766 954 2857 medici,
971 2769 1057 2866 qui,
1075 2794 1136 2842 me
1151 2773 1274 2850 conti-
1396 2779 1397 2828 t

262 2909 343 2962 nuo
362 2884 552 2960 Patavium
571 2882 618 2958 ad
633 2883 798 2960 docendi
813 2869 954 2962 nunus
968 2910 1162 2984 regresso,
1185 2915 1272 2962 rnox

261 3005 401 3084 instare
416 3015 578 3080 mortem
600 3003 917 3102 pronunciarunt,
932 3004 971 3075 in
987 3028 1099 3076 usum
1118 3006 1269 3083 trahere

261 3121 516 3220 neglexerint,
532 3103 625 3198 adeo
644 3119 683 3189 in
708 3143 754 3191 eo
773 3118 918 3215 judicio
937 3119 1105 3219 decepti,
1123 3138 1168 3198 ut
1185 3125 1269 3222 plu·

262 3265 323 3312 res
341 3261 513 3325 menses,
537 3235 577 3310 id
604 3234 708 3334 quod
734 3261 804 3335 ego
830 3235 913 3316 fieri
936 3261 1046 3336 posse
1075 3239 1268 3330 dixeram,

259 3357 342 3438 aliis
359 3354 596 3442 curantibus,
613 3355 792 3452 prineeps
806 3356 971 3453 optimus
991 3373 1182 3455 superstes
1193 3358 1267 3434 fue·

260 3474 321 3548 rit.
339 3472 528 3560 Quoniam
548 3485 673 3544 autem
690 3471 845 3549 internae
866 3474 1133 3554 convulsiones
1143 3530 1154 3563 ,
1170 3491 1212 3548 ut
1227 3478 1263 3546 iu

259 3591 334 3665 illis
351 3589 580 3688 virginibus,
598 3613 693 3687 saepe
711 3590 897 3686 ejusmodi
924 3593 1130 3671 anxietates
1152 3594 1261 3666 indu·

262 3722 378 3795 eunt,
395 3721 431 3782 et
453 3729 548 3804 saepe
568 3730 723 3803 quoque
736 3761 746 3797 ,
759 3723 802 3781 ut
818 3709 858 3782 in
877 3711 1018 3783 caeteris
1035 3710 1103 3806 qui
1119 3735 1261 3783 merno-

258 3827 331 3907 rati
344 3838 447 3914 sunt,
458 3823 597 3896 addere
608 3848 646 3895 se
657 3840 816 3922 possunt
825 3825 871 3898 ad
888 3827 1109 3924 organicum
1119 3829 1258 3914 vitium,

148 3924 150 3928 ¹
259 3959 296 4018 et
314 3945 365 4018 sie
382 3942 594 4020 insulanum
608 3941 814 4017 accelerare
831 3943 1046 4033 adventum,
1056 3960 1095 4022 et
1109 3947 1185 4018 vim
1197 3969 1255 4016 au·
