<?xml version="1.0" encoding="UTF-8"?>
<!DOCTYPE html PUBLIC "-//W3C//DTD XHTML 1.0 Transitional//EN"
    "http://www.w3.org/TR/xhtml1/DTD/xhtml1-transitional.dtd">
<html xmlns="http://www.w3.org/1999/xhtml" xml:lang="en" lang="en">
 <head>
  <title>
</title>
<meta http-equiv="Content-Type" content="text/html;charset=utf-8" />
  <meta name='ocr-system' content='tesseract 3.04.00' />
  <meta name='ocr-capabilities' content='ocr_page ocr_carea ocr_par ocr_line ocrx_word'/>
</head>
<body>
  <div class='ocr_page' id='page_1' title='image "./desedibusetcaus00chaugoog_0033.png"; bbox 0 0 2842 4672; ppageno 0'>
   <div class='ocr_carea' id='block_1_1' title="bbox 233 459 1134 542">
    <p class='ocr_par' dir='ltr' id='par_1_1' title="bbox 233 459 1134 542">
     <span class='ocr_line' id='line_1_1' title="bbox 233 459 1134 542; baseline 0 -14"><span class='ocrx_word' id='word_1_1' title='bbox 233 459 297 542; x_wconf 30' lang='lat' dir='ltr'>(alr</span> <span class='ocrx_word' id='word_1_2' title='bbox 414 477 460 524; x_wconf 77' lang='lat' dir='ltr'>nr</span> <span class='ocrx_word' id='word_1_3' title='bbox 486 475 632 524; x_wconf 76' lang='lat' dir='ltr'>sautans</span> <span class='ocrx_word' id='word_1_4' title='bbox 657 477 701 523; x_wconf 79' lang='lat' dir='ltr'>ur</span> <span class='ocrx_word' id='word_1_5' title='bbox 727 475 854 529; x_wconf 75' lang='lat' dir='ltr'>causts</span> <span class='ocrx_word' id='word_1_6' title='bbox 877 478 1088 530; x_wconf 78' lang='lat' dir='ltr'>noaaoruu</span> <span class='ocrx_word' id='word_1_7' title='bbox 1131 495 1134 500; x_wconf 95' lang='lat'>·</span> 
     </span>
    </p>
   </div>
   <div class='ocr_carea' id='block_1_2' title="bbox 161 590 1272 3722">
    <p class='ocr_par' dir='ltr' id='par_1_2' title="bbox 161 590 1272 3722">
     <span class='ocr_line' id='line_1_2' title="bbox 246 590 1268 689; baseline 0.003 -26"><span class='ocrx_word' id='word_1_8' title='bbox 246 590 468 678; x_wconf 85' lang='lat' dir='ltr'>titudinem,</span> <span class='ocrx_word' id='word_1_9' title='bbox 492 604 556 660; x_wconf 89' lang='lat' dir='ltr'>aut</span> <span class='ocrx_word' id='word_1_10' title='bbox 574 590 688 687; x_wconf 84' lang='lat' dir='ltr'>paulo</span> <span class='ocrx_word' id='word_1_11' title='bbox 707 591 891 689; x_wconf 88' lang='lat' dir='ltr'>amplius,</span> <span class='ocrx_word' id='word_1_12' title='bbox 917 591 1013 665; x_wconf 85' lang='lat' dir='ltr'>nihil</span> <span class='ocrx_word' id='word_1_13' title='bbox 1037 592 1268 679; x_wconf 69' lang='lat' dir='ltr'>substantiae</span> 
     </span>
     <span class='ocr_line' id='line_1_3' title="bbox 246 706 1271 796; baseline 0.002 -14"><span class='ocrx_word' id='word_1_14' title='bbox 246 735 394 782; x_wconf 86' lang='lat' dir='ltr'>nerveae</span> <span class='ocrx_word' id='word_1_15' title='bbox 410 706 646 796; x_wconf 85' lang='lat' dir='ltr'>continebat,</span> <span class='ocrx_word' id='word_1_16' title='bbox 659 708 727 780; x_wconf 90' lang='lat' dir='ltr'>sed</span> <span class='ocrx_word' id='word_1_17' title='bbox 739 709 941 783; x_wconf 90' lang='lat' dir='ltr'>humorem</span> <span class='ocrx_word' id='word_1_18' title='bbox 956 710 1138 784; x_wconf 82' lang='lat' dir='ltr'><strong>duntaxat</strong></span> <span class='ocrx_word' id='word_1_19' title='bbox 1155 713 1271 784; x_wconf 87' lang='lat' dir='ltr'>cine-</span> 
     </span>
     <span class='ocr_line' id='line_1_4' title="bbox 245 825 1267 932; baseline -0.001 -31"><span class='ocrx_word' id='word_1_20' title='bbox 245 854 373 918; x_wconf 88' lang='lat' dir='ltr'>reum,</span> <span class='ocrx_word' id='word_1_21' title='bbox 404 825 619 932; x_wconf 79' lang='lat' dir='ltr'>turbidum,</span> <span class='ocrx_word' id='word_1_22' title='bbox 646 827 810 916; x_wconf 88' lang='lat' dir='ltr'>lentum,</span> <span class='ocrx_word' id='word_1_23' title='bbox 841 830 1153 902; x_wconf 83' lang='lat' dir='ltr'>crassiusculum.:</span> <span class='ocrx_word' id='word_1_24' title='bbox 1175 853 1267 928; x_wconf 87' lang='lat' dir='ltr'>quo</span> 
     </span>
     <span class='ocr_line' id='line_1_5' title="bbox 246 945 1272 1050; baseline 0 -32"><span class='ocrx_word' id='word_1_25' title='bbox 246 945 321 1018; x_wconf 87' lang='lat' dir='ltr'>levi</span> <span class='ocrx_word' id='word_1_26' title='bbox 340 945 533 1044; x_wconf 86' lang='lat' dir='ltr'>pressione</span> <span class='ocrx_word' id='word_1_27' title='bbox 551 968 744 1043; x_wconf 86' lang='lat' dir='ltr'>expresso,</span> <span class='ocrx_word' id='word_1_28' title='bbox 758 947 880 1050; x_wconf 81' lang='lat' dir='ltr'>inanis</span> <span class='ocrx_word' id='word_1_29' title='bbox 893 947 999 1020; x_wconf 90' lang='lat' dir='ltr'>sedes</span> <span class='ocrx_word' id='word_1_30' title='bbox 1016 946 1272 1044; x_wconf 73' lang='lat' dir='ltr'>relinquebat--</span> 
     </span>
     <span class='ocr_line' id='line_1_6' title="bbox 246 1063 1267 1161; baseline -0.001 -24"><span class='ocrx_word' id='word_1_31' title='bbox 246 1079 329 1154; x_wconf 86' lang='lat' dir='ltr'>tur;</span> <span class='ocrx_word' id='word_1_32' title='bbox 345 1079 388 1134; x_wconf 89' lang='lat' dir='ltr'>ut</span> <span class='ocrx_word' id='word_1_33' title='bbox 403 1064 537 1134; x_wconf 89' lang='lat' dir='ltr'>tunicae</span> <span class='ocrx_word' id='word_1_34' title='bbox 552 1088 631 1134; x_wconf 92' lang='lat' dir='ltr'>non</span> <span class='ocrx_word' id='word_1_35' title='bbox 639 1063 715 1160; x_wconf 86' lang='lat' dir='ltr'>jam</span> <span class='ocrx_word' id='word_1_36' title='bbox 729 1065 854 1153; x_wconf 90' lang='lat' dir='ltr'>nervi,</span> <span class='ocrx_word' id='word_1_37' title='bbox 872 1065 937 1137; x_wconf 92' lang='lat' dir='ltr'>sed</span> <span class='ocrx_word' id='word_1_38' title='bbox 948 1066 1086 1138; x_wconf 86' lang='lat' dir='ltr'>canalis</span> <span class='ocrx_word' id='word_1_39' title='bbox 1096 1065 1267 1161; x_wconf 83' lang='lat' dir='ltr'>alicujus-</span> 
     </span>
     <span class='ocr_line' id='line_1_7' title="bbox 247 1181 1264 1281; baseline -0.003 -26"><span class='ocrx_word' id='word_1_40' title='bbox 247 1207 328 1256; x_wconf 86' lang='lat' dir='ltr'>essc</span> <span class='ocrx_word' id='word_1_41' title='bbox 346 1181 589 1272; x_wconf 89' lang='lat' dir='ltr'>viderentur;</span> <span class='ocrx_word' id='word_1_42' title='bbox 609 1196 717 1254; x_wconf 88' lang='lat' dir='ltr'>erant</span> <span class='ocrx_word' id='word_1_43' title='bbox 736 1198 885 1271; x_wconf 91' lang='lat' dir='ltr'>autem,</span> <span class='ocrx_word' id='word_1_44' title='bbox 904 1199 948 1256; x_wconf 89' lang='lat' dir='ltr'>ut</span> <span class='ocrx_word' id='word_1_45' title='bbox 968 1185 1007 1254; x_wconf 92' lang='lat' dir='ltr'>in</span> <span class='ocrx_word' id='word_1_46' title='bbox 1026 1209 1071 1256; x_wconf 92' lang='lat' dir='ltr'>eo</span> <span class='ocrx_word' id='word_1_47' title='bbox 1095 1207 1264 1281; x_wconf 88' lang='lat' dir='ltr'>quoque·</span> 
     </span>
     <span class='ocr_line' id='line_1_8' title="bbox 246 1297 1257 1399; baseline 0.002 -29"><span class='ocrx_word' id='word_1_48' title='bbox 246 1299 295 1370; x_wconf 93' lang='lat' dir='ltr'>de</span> <span class='ocrx_word' id='word_1_49' title='bbox 317 1325 393 1398; x_wconf 87' lang='lat' dir='ltr'>quo</span> <span class='ocrx_word' id='word_1_50' title='bbox 413 1300 526 1398; x_wconf 92' lang='lat' dir='ltr'>paulo</span> <span class='ocrx_word' id='word_1_51' title='bbox 547 1315 634 1372; x_wconf 90' lang='lat' dir='ltr'>ante</span> <span class='ocrx_word' id='word_1_52' title='bbox 655 1302 829 1390; x_wconf 84' lang='lat' dir='ltr'>memini,</span> <span class='ocrx_word' id='word_1_53' title='bbox 856 1302 1011 1374; x_wconf 90' lang='lat' dir='ltr'>homine</span> <span class='ocrx_word' id='word_1_54' title='bbox 1031 1301 1120 1399; x_wconf 80' lang='lat' dir='ltr'>(r),</span> <span class='ocrx_word' id='word_1_55' title='bbox 1148 1297 1257 1372; x_wconf 73' lang='lat' dir='ltr'>facta</span> 
     </span>
     <span class='ocr_line' id='line_1_9' title="bbox 178 1417 1265 1517; baseline 0 -27"><span class='ocrx_word' id='word_1_56' title='bbox 178 1435 179 1438; x_wconf 75' lang='grc'>’</span> <span class='ocrx_word' id='word_1_57' title='bbox 247 1420 457 1490; x_wconf 84' lang='lat' dir='ltr'>crassiores.</span> <span class='ocrx_word' id='word_1_58' title='bbox 478 1418 571 1490; x_wconf 88' lang='lat' dir='ltr'>Inde</span> <span class='ocrx_word' id='word_1_59' title='bbox 590 1443 681 1490; x_wconf 81' lang='lat' dir='ltr'>vero</span> <span class='ocrx_word' id='word_1_60' title='bbox 703 1420 898 1492; x_wconf 89' lang='lat' dir='ltr'>continere</span> <span class='ocrx_word' id='word_1_61' title='bbox 914 1419 1147 1517; x_wconf 85' lang='lat' dir='ltr'>incipiebant</span> <span class='ocrx_word' id='word_1_62' title='bbox 1163 1417 1265 1492; x_wconf 87' lang='lat' dir='ltr'>sub-·</span> 
     </span>
     <span class='ocr_line' id='line_1_10' title="bbox 247 1535 1259 1624; baseline -0.004 -16"><span class='ocrx_word' id='word_1_63' title='bbox 247 1536 420 1608; x_wconf 84' lang='lat' dir='ltr'>stantiam</span> <span class='ocrx_word' id='word_1_64' title='bbox 448 1537 501 1608; x_wconf 89' lang='lat' dir='ltr'>sic</span> <span class='ocrx_word' id='word_1_65' title='bbox 525 1538 611 1608; x_wconf 92' lang='lat' dir='ltr'>satis</span> <span class='ocrx_word' id='word_1_66' title='bbox 637 1535 807 1624; x_wconf 87' lang='lat' dir='ltr'>firmam,</span> <span class='ocrx_word' id='word_1_67' title='bbox 834 1535 900 1608; x_wconf 90' lang='lat' dir='ltr'>sed</span> <span class='ocrx_word' id='word_1_68' title='bbox 924 1538 1064 1608; x_wconf 89' lang='lat' dir='ltr'>cinerei</span> <span class='ocrx_word' id='word_1_69' title='bbox 1086 1536 1226 1608; x_wconf 90' lang='lat' dir='ltr'>coloris</span> <span class='ocrx_word' id='word_1_70' title='bbox 1242 1563 1259 1604; x_wconf 73' lang='grc' dir='ltr'>ε.</span> 
     </span>
     <span class='ocr_line' id='line_1_11' title="bbox 247 1649 1257 1751; baseline -0.002 -27"><span class='ocrx_word' id='word_1_71' title='bbox 247 1649 363 1751; x_wconf 88' lang='lat' dir='ltr'>quem</span> <span class='ocrx_word' id='word_1_72' title='bbox 384 1654 551 1724; x_wconf 91' lang='lat' dir='ltr'>colorem</span> <span class='ocrx_word' id='word_1_73' title='bbox 566 1654 667 1724; x_wconf 90' lang='lat' dir='ltr'>intus</span> <span class='ocrx_word' id='word_1_74' title='bbox 689 1669 887 1749; x_wconf 86' lang='lat' dir='ltr'>extraque,</span> <span class='ocrx_word' id='word_1_75' title='bbox 906 1668 1046 1725; x_wconf 88' lang='lat' dir='ltr'>etcum</span> <span class='ocrx_word' id='word_1_76' title='bbox 1066 1679 1117 1724; x_wconf 88' lang='lat' dir='ltr'>eo</span> <span class='ocrx_word' id='word_1_77' title='bbox 1130 1655 1257 1724; x_wconf 82' lang='lat' dir='ltr'>mani·</span> 
     </span>
     <span class='ocr_line' id='line_1_12' title="bbox 246 1769 1261 1868; baseline 0.001 -26"><span class='ocrx_word' id='word_1_78' title='bbox 246 1769 379 1846; x_wconf 83' lang='lat' dir='ltr'>festam</span> <span class='ocrx_word' id='word_1_79' title='bbox 407 1771 650 1868; x_wconf 86' lang='lat' dir='ltr'>gracilitatem</span> <span class='ocrx_word' id='word_1_80' title='bbox 670 1796 810 1843; x_wconf 90' lang='lat' dir='ltr'>nervus</span> <span class='ocrx_word' id='word_1_81' title='bbox 828 1770 998 1844; x_wconf 87' lang='lat' dir='ltr'>servabat</span> <span class='ocrx_word' id='word_1_82' title='bbox 1017 1770 1107 1842; x_wconf 92' lang='lat' dir='ltr'>illuc</span> <span class='ocrx_word' id='word_1_83' title='bbox 1130 1795 1261 1867; x_wconf 89' lang='lat' dir='ltr'>usque·</span> 
     </span>
     <span class='ocr_line' id='line_1_13' title="bbox 246 1888 1261 1988; baseline -0.003 -27"><span class='ocrx_word' id='word_1_84' title='bbox 246 1906 290 1961; x_wconf 92' lang='lat' dir='ltr'>ut</span> <span class='ocrx_word' id='word_1_85' title='bbox 309 1890 490 1988; x_wconf 85' lang='lat' dir='ltr'>proxime</span> <span class='ocrx_word' id='word_1_86' title='bbox 513 1888 658 1962; x_wconf 85' lang='lat' dir='ltr'>abesset</span> <span class='ocrx_word' id='word_1_87' title='bbox 681 1889 728 1962; x_wconf 89' lang='lat' dir='ltr'>ab</span> <span class='ocrx_word' id='word_1_88' title='bbox 745 1914 789 1961; x_wconf 87' lang='lat' dir='ltr'>ea</span> <span class='ocrx_word' id='word_1_89' title='bbox 805 1889 891 1963; x_wconf 90' lang='lat' dir='ltr'>sede</span> <span class='ocrx_word' id='word_1_90' title='bbox 908 1889 976 1960; x_wconf 92' lang='lat' dir='ltr'>ubi</span> <span class='ocrx_word' id='word_1_91' title='bbox 994 1911 1080 1960; x_wconf 92' lang='lat' dir='ltr'>cum</span> <span class='ocrx_word' id='word_1_92' title='bbox 1101 1888 1261 1977; x_wconf 79' lang='lat' dir='ltr'>sinistro·</span> 
     </span>
     <span class='ocr_line' id='line_1_14' title="bbox 247 2005 1264 2107; baseline -0.003 -28"><span class='ocrx_word' id='word_1_93' title='bbox 247 2005 1264 2107; x_wconf 80' lang='lat' dir='ltr'>conjungebatur.Repenteauternomneinterutrum-</span> 
     </span>
     <span class='ocr_line' id='line_1_15' title="bbox 247 2123 1257 2222; baseline -0.003 -26"><span class='ocrx_word' id='word_1_94' title='bbox 247 2149 323 2222; x_wconf 90' lang='lat' dir='ltr'>que</span> <span class='ocrx_word' id='word_1_95' title='bbox 340 2149 500 2196; x_wconf 87' lang='lat' dir='ltr'>nervum</span> <span class='ocrx_word' id='word_1_96' title='bbox 518 2124 765 2199; x_wconf 85' lang='lat' dir='ltr'>evanescebat</span> <span class='ocrx_word' id='word_1_97' title='bbox 780 2126 994 2214; x_wconf 84' lang='lat' dir='ltr'>discrimen,</span> <span class='ocrx_word' id='word_1_98' title='bbox 1009 2140 1051 2196; x_wconf 91' lang='lat' dir='ltr'>ut</span> <span class='ocrx_word' id='word_1_99' title='bbox 1064 2123 1194 2196; x_wconf 84' lang='lat' dir='ltr'>dexter</span> <span class='ocrx_word' id='word_1_100' title='bbox 1204 2124 1257 2196; x_wconf 92' lang='lat' dir='ltr'>si-</span> 
     </span>
     <span class='ocr_line' id='line_1_16' title="bbox 246 2243 1258 2341; baseline 0.001 -28"><span class='ocrx_word' id='word_1_101' title='bbox 246 2243 358 2314; x_wconf 86' lang='lat' dir='ltr'>nistri</span> <span class='ocrx_word' id='word_1_102' title='bbox 379 2243 580 2341; x_wconf 90' lang='lat' dir='ltr'>persimilis</span> <span class='ocrx_word' id='word_1_103' title='bbox 603 2244 681 2340; x_wconf 85' lang='lat' dir='ltr'>jam</span> <span class='ocrx_word' id='word_1_104' title='bbox 708 2257 803 2316; x_wconf 88' lang='lat' dir='ltr'>esset</span> <span class='ocrx_word' id='word_1_105' title='bbox 829 2245 932 2315; x_wconf 89' lang='lat' dir='ltr'>intus</span> <span class='ocrx_word' id='word_1_106' title='bbox 951 2256 1129 2337; x_wconf 87' lang='lat' dir='ltr'>extraque</span> <span class='ocrx_word' id='word_1_107' title='bbox 1148 2256 1258 2314; x_wconf 83' lang='lat' dir='ltr'>ante-</span> 
     </span>
     <span class='ocr_line' id='line_1_17' title="bbox 247 2362 1256 2460; baseline -0.001 -30"><span class='ocrx_word' id='word_1_108' title='bbox 247 2383 363 2456; x_wconf 90' lang='lat' dir='ltr'>quam</span> <span class='ocrx_word' id='word_1_109' title='bbox 395 2385 478 2432; x_wconf 91' lang='lat' dir='ltr'>eam</span> <span class='ocrx_word' id='word_1_110' title='bbox 502 2362 628 2434; x_wconf 85' lang='lat' dir='ltr'>sedem</span> <span class='ocrx_word' id='word_1_111' title='bbox 657 2362 865 2460; x_wconf 85' lang='lat' dir='ltr'>attingeret.</span> <span class='ocrx_word' id='word_1_112' title='bbox 899 2365 944 2430; x_wconf 89' lang='lat' dir='ltr'>In</span> <span class='ocrx_word' id='word_1_113' title='bbox 970 2384 1012 2432; x_wconf 86' lang='lat' dir='ltr'>ea</span> <span class='ocrx_word' id='word_1_114' title='bbox 1037 2381 1147 2445; x_wconf 86' lang='lat' dir='ltr'>vero,</span> <span class='ocrx_word' id='word_1_115' title='bbox 1173 2384 1256 2430; x_wconf 89' lang='lat' dir='ltr'>non</span> 
     </span>
     <span class='ocr_line' id='line_1_18' title="bbox 245 2470 1256 2575; baseline 0 -31"><span class='ocrx_word' id='word_1_116' title='bbox 245 2472 365 2545; x_wconf 88' lang='lat' dir='ltr'>modo</span> <span class='ocrx_word' id='word_1_117' title='bbox 391 2499 506 2575; x_wconf 92' lang='lat' dir='ltr'>supra</span> <span class='ocrx_word' id='word_1_118' title='bbox 525 2475 572 2547; x_wconf 89' lang='lat' dir='ltr'>ad</span> <span class='ocrx_word' id='word_1_119' title='bbox 592 2470 775 2573; x_wconf 87' lang='lat' dir='ltr'>originem</span> <span class='ocrx_word' id='word_1_120' title='bbox 806 2497 946 2570; x_wconf 88' lang='lat' dir='ltr'>usque,</span> <span class='ocrx_word' id='word_1_121' title='bbox 969 2473 1044 2546; x_wconf 89' lang='lat' dir='ltr'>sive</span> <span class='ocrx_word' id='word_1_122' title='bbox 1070 2473 1256 2545; x_wconf 81' lang='lat' dir='ltr'>exteriora</span> 
     </span>
     <span class='ocr_line' id='line_1_19' title="bbox 248 2587 1255 2690; baseline -0.003 -28"><span class='ocrx_word' id='word_1_123' title='bbox 248 2590 449 2690; x_wconf 83' lang='lat' dir='ltr'>diligenter</span> <span class='ocrx_word' id='word_1_124' title='bbox 475 2592 697 2690; x_wconf 87' lang='lat' dir='ltr'>inspiceres,</span> <span class='ocrx_word' id='word_1_125' title='bbox 728 2591 802 2662; x_wconf 88' lang='lat' dir='ltr'>sive</span> <span class='ocrx_word' id='word_1_126' title='bbox 833 2604 1006 2662; x_wconf 84' lang='lat' dir='ltr'>accurate</span> <span class='ocrx_word' id='word_1_127' title='bbox 1031 2587 1255 2663; x_wconf 87' lang='lat' dir='ltr'>dissecando</span> 
     </span>
     <span class='ocr_line' id='line_1_20' title="bbox 247 2709 1255 2806; baseline 0.001 -26"><span class='ocrx_word' id='word_1_128' title='bbox 247 2735 427 2783; x_wconf 85' lang='lat' dir='ltr'>nerveam</span> <span class='ocrx_word' id='word_1_129' title='bbox 438 2709 683 2782; x_wconf 89' lang='lat' dir='ltr'>substantiam</span> <span class='ocrx_word' id='word_1_130' title='bbox 697 2723 779 2780; x_wconf 90' lang='lat' dir='ltr'>tum</span> <span class='ocrx_word' id='word_1_131' title='bbox 789 2734 871 2805; x_wconf 87' lang='lat' dir='ltr'>quae</span> <span class='ocrx_word' id='word_1_132' title='bbox 878 2733 1040 2782; x_wconf 89' lang='lat' dir='ltr'>nervum</span> <span class='ocrx_word' id='word_1_133' title='bbox 1049 2723 1255 2806; x_wconf 87' lang='lat' dir='ltr'>utrumque</span> 
     </span>
     <span class='ocr_line' id='line_1_21' title="bbox 161 2824 1258 2928; baseline -0.003 -29"><span class='ocrx_word' id='word_1_134' title='bbox 161 2839 166 2846; x_wconf 85' lang='lat'>&#39;</span> <span class='ocrx_word' id='word_1_135' title='bbox 244 2827 444 2925; x_wconf 83' lang='lat' dir='ltr'>jungebat,</span> <span class='ocrx_word' id='word_1_136' title='bbox 457 2841 538 2898; x_wconf 90' lang='lat' dir='ltr'>tum</span> <span class='ocrx_word' id='word_1_137' title='bbox 551 2843 642 2924; x_wconf 70' lang='lat' dir='ltr'>&#39;quae</span> <span class='ocrx_word' id='word_1_138' title='bbox 663 2826 831 2928; x_wconf 86' lang='lat' dir='ltr'>singulos</span> <span class='ocrx_word' id='word_1_139' title='bbox 840 2824 1041 2916; x_wconf 84' lang='lat' dir='ltr'>efficiebat,</span> <span class='ocrx_word' id='word_1_140' title='bbox 1057 2827 1258 2900; x_wconf 90' lang='lat' dir='ltr'>attentissi-</span> 
     </span>
     <span class='ocr_line' id='line_1_22' title="bbox 248 2943 1258 3044; baseline 0.002 -30"><span class='ocrx_word' id='word_1_141' title='bbox 248 2969 311 3015; x_wconf 91' lang='lat' dir='ltr'>me</span> <span class='ocrx_word' id='word_1_142' title='bbox 331 2944 584 3016; x_wconf 89' lang='lat' dir='ltr'>contuereris:</span> <span class='ocrx_word' id='word_1_143' title='bbox 600 2943 695 3015; x_wconf 89' lang='lat' dir='ltr'>nibil</span> <span class='ocrx_word' id='word_1_144' title='bbox 712 2961 791 3016; x_wconf 90' lang='lat' dir='ltr'>erat</span> <span class='ocrx_word' id='word_1_145' title='bbox 807 2970 964 3044; x_wconf 89' lang='lat' dir='ltr'>prorsus</span> <span class='ocrx_word' id='word_1_146' title='bbox 983 2943 1088 3042; x_wconf 91' lang='lat' dir='ltr'>quod</span> <span class='ocrx_word' id='word_1_147' title='bbox 1106 2970 1185 3015; x_wconf 92' lang='lat' dir='ltr'>non</span> <span class='ocrx_word' id='word_1_148' title='bbox 1202 2970 1258 3019; x_wconf 91' lang='lat' dir='ltr'>se·</span> 
     </span>
     <span class='ocr_line' id='line_1_23' title="bbox 249 3060 1255 3163; baseline 0.003 -32"><span class='ocrx_word' id='word_1_149' title='bbox 249 3060 422 3154; x_wconf 83' lang='lat' dir='ltr'>cundum</span> <span class='ocrx_word' id='word_1_150' title='bbox 446 3076 620 3136; x_wconf 87' lang='lat' dir='ltr'>naturam</span> <span class='ocrx_word' id='word_1_151' title='bbox 653 3064 834 3162; x_wconf 91' lang='lat' dir='ltr'>utrinque</span> <span class='ocrx_word' id='word_1_152' title='bbox 853 3065 994 3163; x_wconf 86' lang='lat' dir='ltr'>pariter</span> <span class='ocrx_word' id='word_1_153' title='bbox 1020 3087 1255 3162; x_wconf 78' lang='lat' dir='ltr'>agnosceres</span> 
     </span>
     <span class='ocr_line' id='line_1_24' title="bbox 250 3180 1256 3279; baseline 0.003 -30"><span class='ocrx_word' id='word_1_154' title='bbox 250 3180 363 3270; x_wconf 91' lang='lat' dir='ltr'>Quod</span> <span class='ocrx_word' id='word_1_155' title='bbox 383 3182 458 3251; x_wconf 89' lang='lat' dir='ltr'>mei</span> <span class='ocrx_word' id='word_1_156' title='bbox 475 3204 554 3252; x_wconf 92' lang='lat' dir='ltr'>non</span> <span class='ocrx_word' id='word_1_157' title='bbox 574 3180 689 3253; x_wconf 91' lang='lat' dir='ltr'>modo</span> <span class='ocrx_word' id='word_1_158' title='bbox 705 3183 772 3279; x_wconf 89' lang='lat' dir='ltr'>qui</span> <span class='ocrx_word' id='word_1_159' title='bbox 789 3181 981 3272; x_wconf 88' lang='lat' dir='ltr'>secabam,</span> <span class='ocrx_word' id='word_1_160' title='bbox 1000 3181 1065 3256; x_wconf 90' lang='lat' dir='ltr'>sed</span> <span class='ocrx_word' id='word_1_161' title='bbox 1077 3197 1256 3254; x_wconf 88' lang='lat' dir='ltr'>eteorum</span> 
     </span>
     <span class='ocr_line' id='line_1_25' title="bbox 250 3297 1258 3397; baseline 0.007 -30"><span class='ocrx_word' id='word_1_162' title='bbox 250 3297 422 3367; x_wconf 90' lang='lat' dir='ltr'>omnium</span> <span class='ocrx_word' id='word_1_163' title='bbox 444 3299 510 3394; x_wconf 93' lang='lat' dir='ltr'>qui</span> <span class='ocrx_word' id='word_1_164' title='bbox 529 3297 701 3387; x_wconf 84' lang='lat' dir='ltr'>aderant,</span> <span class='ocrx_word' id='word_1_165' title='bbox 716 3301 756 3370; x_wconf 91' lang='lat' dir='ltr'>in</span> <span class='ocrx_word' id='word_1_166' title='bbox 774 3299 833 3372; x_wconf 95' lang='lat' dir='ltr'>bis</span> <span class='ocrx_word' id='word_1_167' title='bbox 841 3300 1053 3390; x_wconf 86' lang='lat' dir='ltr'>Mediaviae,</span> <span class='ocrx_word' id='word_1_168' title='bbox 1070 3300 1258 3397; x_wconf 85' lang='lat' dir='ltr'>judicium</span> 
     </span>
     <span class='ocr_line' id='line_1_26' title="bbox 251 3397 1259 3518; baseline 0.004 -36"><span class='ocrx_word' id='word_1_169' title='bbox 251 3397 342 3502; x_wconf 70' lang='lat' dir='ltr'>fuir,</span> <span class='ocrx_word' id='word_1_170' title='bbox 363 3414 465 3485; x_wconf 88' lang='lat' dir='ltr'>velut</span> <span class='ocrx_word' id='word_1_171' title='bbox 486 3417 597 3488; x_wconf 90' lang='lat' dir='ltr'>etiam</span> <span class='ocrx_word' id='word_1_172' title='bbox 621 3419 662 3487; x_wconf 94' lang='lat' dir='ltr'>in</span> <span class='ocrx_word' id='word_1_173' title='bbox 681 3414 821 3490; x_wconf 84' lang='lat' dir='ltr'>femina</span> <span class='ocrx_word' id='word_1_174' title='bbox 836 3418 882 3492; x_wconf 92' lang='lat' dir='ltr'>de</span> <span class='ocrx_word' id='word_1_175' title='bbox 900 3443 975 3518; x_wconf 90' lang='lat' dir='ltr'>qua</span> <span class='ocrx_word' id='word_1_176' title='bbox 991 3419 1175 3490; x_wconf 89' lang='lat' dir='ltr'>continuo</span> <span class='ocrx_word' id='word_1_177' title='bbox 1202 3416 1259 3487; x_wconf 96' lang='lat' dir='ltr'>di-</span> 
     </span>
     <span class='ocr_line' id='line_1_27' title="bbox 252 3531 1259 3636; baseline 0.005 -33"><span class='ocrx_word' id='word_1_178' title='bbox 252 3555 357 3620; x_wconf 88' lang='lat' dir='ltr'>cam,</span> <span class='ocrx_word' id='word_1_179' title='bbox 378 3531 519 3606; x_wconf 90' lang='lat' dir='ltr'>ibidem</span> <span class='ocrx_word' id='word_1_180' title='bbox 544 3535 760 3633; x_wconf 89' lang='lat' dir='ltr'>insequenti</span> <span class='ocrx_word' id='word_1_181' title='bbox 780 3562 881 3610; x_wconf 89' lang='lat' dir='ltr'>anno</span> <span class='ocrx_word' id='word_1_182' title='bbox 902 3536 1011 3636; x_wconf 93' lang='lat' dir='ltr'>aprili</span> <span class='ocrx_word' id='word_1_183' title='bbox 1030 3558 1158 3606; x_wconf 89' lang='lat' dir='ltr'>mense</span> <span class='ocrx_word' id='word_1_184' title='bbox 1182 3534 1259 3608; x_wconf 91' lang='lat' dir='ltr'>dis-</span> 
     </span>
     <span class='ocr_line' id='line_1_28' title="bbox 252 3664 1102 3722; baseline -0.002 0"><span class='ocrx_word' id='word_1_185' title='bbox 252 3664 362 3722; x_wconf 86' lang='lat' dir='ltr'>secta.</span> <span class='ocrx_word' id='word_1_186' title='bbox 1100 3675 1102 3679; x_wconf 71' lang='grc'>’</span> 
     </span>
    </p>
   </div>
   <div class='ocr_carea' id='block_1_3' title="bbox 294 4025 818 4108">
    <p class='ocr_par' dir='ltr' id='par_1_3' title="bbox 294 4025 818 4108">
     <span class='ocr_line' id='line_1_29' title="bbox 294 4025 818 4108; baseline 0.01 -27"><span class='ocrx_word' id='word_1_187' title='bbox 294 4025 338 4106; x_wconf 85' lang='lat'>(1)</span> <span class='ocrx_word' id='word_1_188' title='bbox 360 4029 429 4087; x_wconf 81' lang='lat' dir='ltr'>Vid.</span> <span class='ocrx_word' id='word_1_189' title='bbox 443 4029 539 4108; x_wconf 83' lang='lat' dir='ltr'>Epist.</span> <span class='ocrx_word' id='word_1_190' title='bbox 551 4032 640 4088; x_wconf 76' lang='lat' dir='ltr'>Anat.</span> <span class='ocrx_word' id='word_1_191' title='bbox 658 4031 708 4100; x_wconf 84' lang='lat'>18,</span> <span class='ocrx_word' id='word_1_192' title='bbox 724 4049 754 4085; x_wconf 90' lang='lat' dir='ltr'>n.</span> <span class='ocrx_word' id='word_1_193' title='bbox 770 4035 818 4096; x_wconf 76' lang='lat' dir='ltr'>lo.</span> 
     </span>
    </p>
   </div>
   <div class='ocr_carea' id='block_1_4' title="bbox 0 0 1430 4672">
    <p class='ocr_par' dir='ltr' id='par_1_4' title="bbox 0 0 1430 4672">
     <span class='ocr_line' id='line_1_30' title="bbox 0 0 1430 4672; baseline 0 0"><span class='ocrx_word' id='word_1_194' title='bbox 0 0 1430 4672; x_wconf 95' lang='lat' dir='ltr'> </span> 
     </span>
    </p>
   </div>
  </div>
 </body>
</html>
