2766 4670
249 352 317 426 150
393 361 458 421 'na
485 368 629 428 sumnus
654 369 698 419 ar
724 367 848 417 causta
873 363 1090 417 maurontus

246 486 398 588 quidem
411 507 575 582 semper,
585 494 623 552 at
633 504 781 578 semper
795 505 816 555 a
832 481 990 579 potandi
1001 484 1150 556 actione
1162 507 1250 556 mo-
1360 474 1361 566 l

245 603 415 691 vehatur,
426 625 495 675 nec
510 617 636 676 tamen
652 602 682 672 si
689 624 800 697 aqua,
811 601 1092 700 amygdalarum
1104 604 1253 692 oleum,

247 745 391 814 serum,
411 718 671 805 emulsiones,¹
684 733 749 794 aut
771 717 894 814 quivis
915 719 1011 792 alius
1035 719 1212 795 laudatus
1232 743 1256 790 a

247 837 359 910 nobis
374 835 533 923 humor,
550 833 616 906 sed
632 833 897 912 tautummodo
908 836 939 908 si
952 837 1084 908 vinum
1100 835 1257 910 bibere-

247 971 311 1027 tur
330 981 338 1023 :
361 949 505 1046 solebat
523 964 648 1032 autem
667 965 777 1028 antea
792 963 961 1050 quoque,
980 977 1068 1024 cum
1086 955 1198 1042 aino,
1213 969 1259 1026 nt

247 1069 300 1172 fit,
311 1070 370 1143 vir
379 1067 528 1141 sobrius
537 1069 577 1142 in
591 1091 720 1147 mensa
735 1082 916 1158 uteretur,
926 1071 999 1142 tale
1011 1071 1154 1168 aliquid
1165 1072 1258 1169 pati,
1359 1097 1360 1104 ¹

249 1188 421 1288 quamvis
445 1187 565 1260 multo
589 1201 626 1261 et
647 1186 783 1288 levius,
808 1201 846 1262 et
869 1186 1023 1263 brevius
1040 1189 1258 1260 incommo-
1360 1253 1361 1269 ,

252 1307 353 1380 dum.
369 1307 480 1380 Nunc
498 1319 622 1383 autem
634 1305 690 1389 ita
706 1304 779 1384 hoo
802 1305 956 1402 quidem
975 1321 1073 1396 erat,
1093 1311 1140 1378 ut'
1154 1305 1256 1377 dixi:
1360 1284 1361 1306 ¹

252 1449 377 1521 neque
397 1448 442 1494 eo
460 1439 656 1522 correptus
673 1447 769 1522 aeger
789 1424 999 1522 quidquam
1024 1449 1089 1495 one
1107 1437 1258 1522 poterat
1359 1445 1361 1478 ³

253 1563 417 1632 sumere,
437 1565 507 1612 nec
518 1555 619 1616 stare
633 1541 820 1632 loc03'scd
831 1540 1026 1618 ambulare
1038 1540 1256 1639 cogebatur.
1359 1523 1360 1530 ἵ

165 1685 168 1689 ·
253 1663 434 1750 Ceterum
463 1671 595 1758 caput,
617 1659 773 1748 thorax,
798 1673 836 1730 et
860 1673 999 1734 venter
1019 1682 1193 1756 quoque,
1215 1681 1258 1729 ac
1360 1632 1361 1652 Χ

231 1821 234 1828 ·
254 1782 414 1872 collum,
429 1781 460 1855 si
477 1803 593 1855 manu
611 1795 795 1868 tentares,
814 1793 858 1852 ut
870 1779 1001 1877 pulsus
1013 1780 1144 1867 etiam,
1160 1779 1257 1850 bene

254 1929 292 1978 se
319 1903 520 1982 habebant.
548 1901 719 1984 Tonsillas
745 1900 944 1988 duntaxat,
975 1920 1096 1996 caque
1124 1899 1257 1968 ricinia

256 2023 363 2119 quasi
377 2019 688 2097 subinssammatae
705 2016 939 2116 apparebant
964 2043 971 2085 :
996 2033 1152 2114 eratque
1172 2039 1258 2114 spu·

256 2154 382 2212 torum
404 2140 528 2236 copia,
547 2161 713 2234 quorum
731 2159 844 2234 sapor
858 2131 1053 2206 manifeste
1069 2131 1199 2204 acidus
1213 2133 1257 2206 ab

258 2282 355 2354 aegro
368 2253 667 2354 percipiebatur:
686 2275 897 2349 eorumque
913 2250 1083 2338 eductio,
1102 2275 1170 2348 per
1183 2273 1259 2321 sac-

261 2371 439 2462 charum,
465 2385 508 2442 ut
525 2386 682 2459 vocant,
701 2370 837 2446 hordei
857 2367 1003 2444 facilior
1030 2368 1193 2456 reddita,
1212 2365 1260 2440 af-

259 2485 1258 2592 fectusinvasionemarcerenonnunqpamvldebatut.

260 2606 436 2698 Etatflveri
449 2607 610 2680 maxime
622 2606 759 2694 simile,
777 2603 1036 2696 membranam
1054 2625 1128 2701 qua
1141 2603 1261 2701 laryu-

264 2723 319 2825 gis
331 2746 418 2820 pars
434 2747 591 2814 summa,
606 2739 642 2796 et
659 2725 837 2822 pmxim'ae
849 2723 923 2822 ipsi
937 2736 1207 2820 conteguntur,
1218 2747 1261 2792 eo

264 2839 506 2937 exquisitiore
526 2865 637 2916 sensu
656 2841 849 2940 proditam
866 2840 971 2938 quod
984 2839 1161 2938 phlogosi
1174 2865 1263 2938 qua·

188 2995 191 3016 ι
226 3001 230 3006 -
265 2957 348 3030 dam
366 2955 612 3050 afficiebatur,
631 2959 714 3058 (uhi
731 2961 854 3032 acrius
867 2958 980 3057 paulo
997 2957 1207 3029 irritaretur
1217 2957 1261 3028 ab

266 3075 381 3151 acidis
394 3077 586 3178 particulis
601 3093 665 3151 aut
681 3078 780 3166 vitri,
795 3091 860 3148 aut
878 3075 1050 3146 humoris
1069 3074 1119 3146 ob
1133 3076 1262 3146 oscita-

267 3193 428 3281 tionem,
455 3197 786 3283 sternutationem,
813 3193 946 3265 tussim
971 3207 1010 3275 et
1029 3192 1175 3293 copiam
1203 3191 1261 3262 ali-

270 3311 423 3406 quando
438 3312 575 3408 ipsam,
586 3312 743 3386 uberius
759 3337 779 3382 e
795 3309 982 3409 glandulis
1002 3309 1258 3405 circumjectis,

268 3426 309 3498 in
331 3426 469 3523 quibus
486 3455 591 3502 mora
607 3421 723 3528 magis
744 3429 927 3517 vitiasset,
945 3425 1161 3526 expressi),
1179 3417 1261 3496 con-

267 3557 425 3619 tractam
445 3550 719 3646 crispatamque
736 3548 776 3618 in
792 3543 1260 3618 consensumtraherener·

268 3685 335 3733 vos
354 3676 391 3732 et
411 3665 616 3754 musculos,
628 3681 670 3742 ut
686 3665 880 3763 laryngem
891 3657 1002 3760 'aequo
1018 3661 1157 3732 arctius
1165 3684 1260 3733 cous·

268 3779 610 3878 tringerent‚tanto
622 3781 766 3855 facilius
777 3781 1144 3882 quo'danaturaipsa
1154 3792 1259 3878 eraut,

100 3873 109 3904 <
271 3909 313 3964 ut
330 3891 537 3970 indicatum
559 3913 631 3990 est,
656 3899 833 3972 nonnihil
849 3900 925 3996 jam
953 3899 999 3974 ad
1025 3897 1068 3972 id'
1088 3896 1213 3995 proni,
1229 3908 1259 3986 el
