2820 4662
175 527 247 577 na.
275 521 316 575 nt
344 523 391 574 nx
416 519 769 589 nonarsrnomcrs,
795 519 907 572 rrrsr.
931 523 1034 572 xvnr.
1061 507 1131 592 421

124 643 226 742 ipse,
245 657 282 712 et
296 640 341 711 cl.
358 639 579 711 Santoriuus
588 636 787 722 vellemne,
801 660 871 707 nec
886 651 1033 738 tempus
1043 665 1137 728 ,nec

122 759 254 844 locus,
265 781 336 828 nec
353 756 419 854 qui
434 751 531 827 forte
546 753 720 842 aderant,
736 751 918 826 sinebant.
940 757 1133 846 Quamob-

121 899 205 946 rem
230 887 363 945 ventre
387 886 536 972 aperto,
554 872 595 940 in
618 893 739 968 eoque
765 870 947 944 duriobus
964 873 1133 946 animad-

121 992 242 1063 versis
256 991 444 1087 jecinore,
463 1005 509 1062 et
523 988 672 1087 splene,
698 1002 734 1059 et
754 986 830 1060 hoc
850 991 1005 1088 insuper
1023 1017 1130 1090 aequo

120 1108 282 1204 majori,
299 1109 423 1179 omnis
448 1105 641 1205 diligentia
658 1122 786 1179 nostra
806 1124 985 1182 conversa
1004 1125 1058 1183 est
1083 1111 1131 1184 ad

119 1222 332 1297 thoracem.
350 1229 395 1296 Et
412 1225 574 1297 exterius
586 1223 740 1322 quidem
755 1227 794 1297 in
806 1250 849 1297 ea
865 1229 1028 1325 pectoris
1042 1227 1131 1303 sede

120 1365 206 1438 quae
224 1343 324 1414 inter
348 1340 495 1412 axillam
520 1339 710 1413 dexteram
732 1359 769 1414 et
789 1359 957 1416 sternum
977 1360 1050 1435 est,
1070 1362 1130 1419 tu·

119 1481 209 1529 mor
225 1457 465 1559 prominebat
473 1460 513 1529 in
525 1457 687 1530 modum
704 1458 972 1558 hemisphaerii,
986 1464 1130 1538 sedde·

118 1579 259 1674 pressi,
285 1603 305 1648 a
332 1592 435 1648 costa
457 1591 591 1674 quarta
610 1577 658 1647 ad
681 1577 899 1649 claviculam
914 1579 1127 1678 pertinens,

117 1707 252 1766 sterno
272 1695 450 1792 propior,
473 1717 586 1790 quam
602 1691 736 1780 axillae,
756 1693 916 1783 cedens,
934 1698 964 1768 si
980 1701 1130 1792 preme'-

116 1813 303 1900 res,ade0
316 1808 594 1907 utintelligeres
604 1811 915 1899 continu0,nulla
926 1809 1042 1885 ferme
1049 1815 1129 1910 jam

116 1910 317 2026 superesse
329 1951 428 2017 ossa,
442 1943 505 1998 aut
514 1927 855 2026 cartilagineS,.quae
864 1926 916 2000 ihi
925 1929 1024 2002 inter
1033 1953 1134 2004 mus—

115 2047 295 2130 culos‚et
306 2044 470 2117 thoracis
480 2069 610 2116 cavum
621 2045 933 2141 interjicerentur.
942 2051 988 2119 Et
997 2071 1136 2122 revera·

116 2163 344 2235 claviculam
364 2176 533 2260 ruptam,
548 2177 584 2234 et
597 2162 694 2235 carie
711 2163 870 2237 interius
882 2189 1050 2254 exesam,
1070 2191 1127 2238 su·

114 2304 337 2379 premarnm
348 2295 472 2350 autem
483 2293 670 2352 costarum
680 2292 841 2377 quatuor
849 2305 930 2352 eam
939 2283 1126 2383 praecipue

114 2408 287 2493 partem,
300 2421 382 2494 quae
398 2397 463 2469 diu
480 2396 574 2469 solet
593 2418 671 2470 esse
694 2397 952 2496 cartilaginea,
971 2423 1125 2501 corrup·
1154 2501 1159 2512 Ι

114 2527 199 2584 tam
216 2514 445 2603 invenimus,
458 2529 522 2586 aut
537 2513 774 2615 absumptam
787 2517 833 2588 ab
848 2533 1123 2614 aneurysmate.

114 2629 229 2725 cujus
252 2632 471 2730 magnitudo
497 2631 688 2704 haedinum
710 2647 822 2731 caput
843 2633 1061 2733 superabat,
1081 2633 1124 2708 fi·
1187 2721 1190 2728 Ἴ

116 2771 213 2844 gura
226 2748 272 2819 ad
293 2750 438 2821 ovalem
456 2749 672 2840 accedebat,
696 2749 940 2824 sedesautem
958 2778 979 2824 3
999 2753 1126 2828 cordis

115 2861 199 2935 hasi
226 2865 272 2936 ad
297 2889 487 2937 summum
511 2865 704 2938 thoracem
732 2867 1011 2940 extendebatur.
1037 2873 1124 2942 Erat

117 2995 243 3056 autem
260 2986 483 3080 aneur‘ysma
498 2985 594 3056 sacci
604 2984 856 3079 instar,cuj.us
866 2985 1058 3056 sinistrum
1070 2988 1124 3058 la·
1224 3057 1232 3064 ,

117 3110 257 3198 tusper
269 3097 453 3187 foramen,
472 3100 567 3172 duos
580 3101 779 3173 admittens
792 3100 930 3198 digitos
942 3155 955 3188 ,
967 3125 1054 3172 cum
1069 3103 1124 3173 la-

117 3227 196 3288 tere
207 3217 363 3290 dextero
372 3217 675 3289 communicabat
686 3217 827 3290 arteriae
838 3241 993 3314 magnae,
1002 3219 1122 3316 prius·

120 3357 234 3428 quam
252 3335 331 3406 haec
348 3359 552 3407 commune
566 3333 728 3406 dexteris
741 3333 951 3423 subclaviae,
968 3349 1005 3406 et
1017 3359 1122 3408 caro·

118 3449 186 3522 tidi
203 3447 352 3525 initium
374 3453 565 3550 praeberet.
582 3452 676 3527 Fieri
689 3451 886 3524 videbatur
897 3452 928 3524 is
941 3475 1123 3527 saccusex

120 3567 303 3662 producta
318 3569 484 3666 ejusdem
500 3573 642 3668 magnae
659 3571 800 3642 arteriae
813 3569 1034 3659 substantia,
1054 3572 1121 3645 sed

120 3686 330 3784 magisalba
340 3741 350 3776 ,
361 3687 500 3775 tenaci,
510 3686 726 3776 densa,nec
737 3689 862 3760 minus
873 3711 1002 3764 crassa.
1017 3695 1122 3760 Hanc

122 3799 224 3876 intus
250 3803 536 3878 convestiehant
559 3828 679 3878 curvae
703 3806 849 3878 laminae
872 3805 1127 3903 multiplices,

124 3917 199 3992 aliae
218 3921 299 3994 aliis
310 3923 510 4020 impositae,
523 3922 628 4020 quasi
640 3920 801 4008 fibrosae,
818 3944 948 4017 reapse
961 3921 1121 4018 polypo-

126 4051 187 4128 sae,
205 4037 271 4112 sed
281 4063 462 4116 exsuccae:
479 4064 562 4139 quae
573 4037 718 4114 ambitu
732 4061 800 4114 suo
814 4050 959 4110 tanturn
974 4038 1126 4135 sangui-
