2812 4660
155 423 228 471 tta.
257 424 297 470 11.
325 423 381 470 nn
398 421 534 470 nonnis
558 422 749 488 raonscrs,
774 423 886 473 srrsr.
912 426 1000 474 xvn.
1029 403 1098 492 345
1209 413 1211 418 ’

99 537 290 624 dilatatos;
315 553 358 609 ut
375 537 485 608 molis
503 554 746 634 augmentum
767 562 845 609 non
863 541 1099 624 crassitudini

29 727 30 730 ,
99 655 220 728 solum
237 657 444 753 parietum,
471 655 536 726 sed
559 671 595 727 et
610 653 892 754 amplificationi
910 660 1099 728 ventricn-
1187 659 1192 670 '

98 774 225 844 lorum
242 772 453 844 deberetur.
471 773 652 869 Idemque
667 772 810 850 dictum
827 773 976 872 putabis
996 774 1042 846 de
1057 799 1100 848 ea

98 915 180 987 quae
199 890 370 987 proxima
390 890 844 986 sequitur'observatione.
939 967 942 974 ,
1024 887 1026 898 '

149 1006 206 1079 25.
222 1007 358 1078 Mulier
369 1008 718 1079 annorumcirciter
728 1009 914 1106 sexaginta
927 1009 1018 1104 ,jam
1034 1008 1099 1080 diu
1162 1041 1164 1046 ’

98 1127 191 1208 tussi
209 1114 423 1213 interdum,
439 1139 476 1196 et
501 1121 642 1194 difficili
664 1127 927 1223 respiratione,
947 1151 1121 1223 praescr-v
1199 1193 1201 1196 .

97 1242 165 1313 tim
185 1257 273 1340 post
287 1241 548 1314 violentiorem
566 1250 730 1330 motum,
744 1243 987 1315 laboraverat.
1005 1248 1099 1316 Tau·

97 1361 186 1432 dem
206 1358 359 1457 pulsans
377 1374 504 1430 tumor
515 1353 695 1458 apparere
709 1364 822 1457 coepit
838 1361 907 1432 sub
921 1361 1101 1433 clavicula

97 1477 251 1549 dextera
265 1477 311 1548 ad
327 1492 513 1550 sternum:
533 1481 599 1575 qui
614 1478 774 1550 duorum
789 1494 859 1549 aut·
867 1481 979 1550 trium
996 1506 1099 1574 men-

97 1597 197 1667 sium
216 1596 335 1693 spatio
354 1595 585 1692 usqueadeo
605 1597 739 1682 crevit,
760 1609 800 1664 nt
816 1596 974 1667 alterum
993 1602 1100 1692 quasi

98 1728 212 1810 caput
238 1712 409 1784 emedio
430 1727 557 1782 sterno
586 1727 737 1782 enatum
766 1710 976 1798 videretur;
1011 1713 1099 1782 inde

97 1831 216 1919 enim,
236 1830 339 1927 globi
347 1828 629 1928 propemodum
646 1828 781 1917 simile,
794 1828 841 1900 ad
852 1829 1026 1926 jugulum
1038 1853 1101 1899 ex-

97 1948 337 2020 tendebatur.
354 1953 491 2020 Sensus
505 1950 601 2018 in'eo
617 1947 767 2036 caloris,
784 1963 822 2020 et
832 1947 974 2019 doloris
990 1972 1101 2018 uren·

97 2067 154 2138 tis.
174 2071 324 2138 Interea
337 2067 493 2164 pristina
511 2063 573 2136 illa
587 2065 827 2138 incommoda
840 2065 981 2160 majora
997 2081 1102 2138 erant

100 2179 212 2271 facta,
230 2199 343 2280 atque
358 2184 427 2254 alia
448 2176 603 2280 insuper
620 2197 859 2255 accesserant.
886 2185 1056 2280 Namque
1081 2207 1103 2253 a

98 2301 233 2374 mediis
242 2299 411 2372 humeris
427 2299 474 2372 ad
488 2314 585 2372 totas
601 2325 751 2389 manus,
762 2315 828 2372 eta
840 2301 994 2373 summis
1005 2325 1101 2398 pene

101 2418 275 2494 cruribus
293 2418 340 2491 ad
365 2418 603 2516 totospedes
627 2418 772 2490 oedema
798 2418 1027 2517 pertinebat,
1057 2441 1102 2490 eo

100 2535 361 2635 spectabilius,
379 2535 483 2633 quod
501 2559 625 2607 cuma
643 2561 817 2635 suprema
837 2551 942 2636 parte
958 2536 1005 2607 ad
1026 2559 1102 2607 me·
1138 2610 1145 2621 ,

99 2655 200 2726 diam
216 2679 336 2750 usque
349 2653 511 2724 multum
526 2668 650 2726 essent
661 2653 812 2726 humeri
823 2655 1031 2740 extenuati,
1051 2654 1104 2724 in·

99 2771 146 2842 de
164 2785 322 2868 repente
334 2769 397 2842 illa
406 2795 485 2842 nou
496 2771 644 2844 modica
659 2771 865 2844 crassitudo
882 2770 1101 2869 incipiebat:
1188 2769 1190 2774 ’

98 2914 183 2987 quae
202 2912 279 2976 rea,
299 2891 469 2992 quamvis
488 2914 566 2960 uon
585 2891 635 2960 ita
648 2888 859 2978 evidenter,
879 2893 919 2958 in
930 2883 1105 2960 cruribus

98 3031 255 3107 quoque
265 3020 409 3103 poterat
419 3005 762 3094 animadverti,uhi
773 3030 954 3104 supremae
965 3004 1104 3076 horum

98 3139 331 3223 partescum
356 3125 536 3223 proximis
557 3122 830 3195 conferrentur.
852 3123 975 3194 Facies
994 3121 1105 3192 etiam
1197 3131 1200 3138 '

97 3244 332 3314 intumuerat
346 3242 590 3340 aliquantum.
616 3244 730 3338 Sputa
752 3231 858 3313 erant
872 3239 1019 3325 crebra,
1044 3261 1105 3308 ea-

98 3384 176 3457 que
200 3347 341 3430 ultimis
360 3357 493 3431 diebus
514 3355 631 3430 ferme
652 3359 863 3455 purulenta.
888 3347 1021 3446 Pulsus
1042 3355 1105 3430 de·

95 3478 215 3565 biles,
234 3491 270 3548 et
288 3477 402 3573 parvi.
422 3477 533 3548 Nulla
544 3477 667 3574 quies,
682 3477 755 3550 nisi
772 3476 925 3549 sedenti.
940 3479 1034 3548 Nam
1046 3475 1105 3548 vel

95 3594 194 3668 levis
210 3589 369 3691 quilibet
383 3609 523 3684 motus,
538 3620 621 3666 non
637 3595 751 3667 modo
772 3596 934 3692 supinus
952 3593 1107 3666 decubi-

97 3728 179 3800 tus,
202 3712 385 3783 continuo
411 3713 451 3782 in
471 3710 730 3800 ,suffocationis
758 3712 969 3812 periculum
991 3709 1108 3803 conj'·

97 3830 235 3902 ciebat.
260 3828 363 3900 ldem
386 3844 422 3901 et
446 3830 520 3901 cibi
546 3845 703 3928 potusve
730 3830 887 3902 faciebat
920 3827 1105 3924 sumptio;

96 3964 140 4020 ut
159 3948 328 4045 denique
353 3946 400 4018 ab
424 3945 482 4018 his
506 3972 662 4045 prorsus
688 3948 874 4022 abstinere
896 3959 1103 4041 cogeretur.
