2842 4672
266 395 313 471 56
432 419 478 468 ur
504 419 649 468 senuas
675 419 718 468 ur
744 419 1102 472 ctus1suoaroauu

265 561 339 632 que
350 535 463 606 unius
475 532 597 622 oculi,
614 556 699 604 cum
715 549 905 632 repetatur
922 539 1091 608 causaab
1106 537 1287 610 alluente

266 643 452 724 cerebrum
468 652 623 722 humore
638 649 755 722 multo
775 655 852 748 quo
869 659 971 724 nervi
981 653 1174 725 oculorum
1191 681 1282 728 mou

267 765 364 841 tores
380 769 511 841 imbuti
533 769 845 864 convellerentur.
867 771 949 858 Qua
966 795 1076 842 causa
1093 772 1172 843 sine
1191 773 1280 844 ullo

179 903 180 906 ’
265 886 519 974 additamento
532 888 671 985 posita,
692 888 847 958 minime
861 887 1037 986 intelligis
1055 915 1123 960 cur
1132 915 1213 960 non
1221 891 1278 962 ad

264 1021 470 1104 utrumque
492 1007 633 1103 pariter
656 1006 809 1078 oculum
834 1005 1051 1079 strabismus
1077 1005 1198 1080 fuerit.
1224 1013 1275 1079 In

263 1124 391 1195 addito
402 1123 547 1196 scholio
560 1124 638 1194 aliae
650 1124 804 1222 quidem
819 1139 1079 1196 memorantur
1085 1151 1130 1196 ex
1137 1139 1273 1196 no'stro

263 1233 421 1314 Saxonia
442 1240 628 1316 strabismi
653 1267 790 1332 causae,
806 1243 909 1315 mala
923 1241 1098 1314 videlicet
1115 1249 1271 1314 situatio

262 1361 329 1432 uel
340 1361 519 1460 pupillae,
535 1360 602 1434 vel
616 1361 831 1456 crystallini.
851 1361 923 1453 Sed
938 1360 1066 1458 plures
1082 1361 1272 1432 aliaeinte-

262 1503 326 1548 rea
341 1482 687 1576 praetermittuntur.
707 1482 785 1550 Nec
798 1503 889 1550 vero
907 1480 1073 1550 internas
1090 1477 1271 1551 duntaxat

266 1595 370 1687 dico,
390 1611 433 1667 ut
450 1598 479 1668 si
497 1597 669 1696 pupillae,
689 1610 725 1668 et
743 1596 958 1693 crystallino
976 1597 1157 1693 utrinque
1169 1610 1270 1668 recte

263 1715 409 1809 positis,
424 1739 503 1785 nou
519 1716 611 1785 eain
624 1713 742 1784 altero
757 1713 870 1784 oculo
880 1714 1010 1785 retinae
1021 1737 1106 1811 pars
1119 1723 1272 1810 respon·

263 1830 347 1902 deat
365 1858 447 1930 quae
465 1831 598 1921 debet,
617 1832 680 1904 sed
695 1833 827 1920 altera,
847 1830 974 1930 multo
985 1833 1142 1930 propior
1154 1855 1285 1927 quam¹

263 1973 332 2045 par
347 1950 411 2039 sit,
426 1941 538 2022 'caecae
556 1951 611 2022 illi
632 1950 841 2045 secundum
869 1965 1041 2020 naturam
1058 1949 1270 2046 particulae,

263 2069 368 2164 cujus
384 2068 489 2141 sedes
506 2069 553 2140 ad
565 2070 685 2166 ipsam
694 2069 939 2140 insertionem
954 2086 1009 2138 est
1019 2067 1125 2137 nervi
1135 2068 1268 2164 opaci,

259 2200 301 2256 ut
315 2173 387 2258 nisi
405 2187 566 2258 musculi
582 2186 774 2284 aliquanto
792 2185 971 2257 aliorsum
991 2183 1207 2272 traherent3
1228 2187 1267 2254 in

261 2327 343 2372 eam
360 2302 583 2398 particulam
601 2301 785 2378 incideret
808 2326 894 2399 pars
916 2302 1117 2398 imaginis‚·
1129 2327 1211 2398 quae
1228 2302 1268 2372 in

262 2421 382 2490 retina
399 2407 579 2519 pingitur.
600 2423 778 2490 Externos
795 2444 972 2517 quoque,
987 2418 1026 2491 id
1040 2432 1095 2490 es't
1107 2443 1190 2515 quae
1205 2443 1268 2489 ex·

263 2551 320 2606 tra
342 2534 497 2606 oculum
522 2538 613 2625 sint,
639 2537 727 2608 alias
749 2537 849 2610 dico:
870 2541 1001 2635 Neque
1019 2538 1121 2609 enim
1144 2562 1165 2607 a
1189 2537 1268 2608 sola

262 2654 516 2751 quorumdam
533 2656 790 2726 musculorum
810 2655 910 2726 oculi
926 2654 1266 2743 convulsione‚'sed

262 2796 283 2841 a
309 2772 470 2869 paralysi
490 2775 599 2846 etiam
628 2797 707 2846 esse
732 2773 950 2846 strabismus
973 2787 1095 2870 potest
1118 2799 1126 2840 :
1151 2797 1266 2869 quam

260 2914 409 2961 causam
427 2889 494 2961 diu
512 2905 597 2962 ante
615 2892 826 2990 Plempium
846 2907 977 2962 auctor
996 2890 1176 2962 docuerat
1201 2895 1266 2962 Fi-

260 3014 443 3078 nitr'ouum
464 3008 710 3098 ineditarum,
728 3035 809 3108 quae
823 3009 966 3080 Galeuo
980 3006 1262 3080 abscribuntur.

259 3125 500 3214 Strubismus‚
524 3128 666 3225 inquit,
695 3126 797 3199 oculi
813 3124 1063 3197 musculorum
1085 3149 1162 3195 uon
1186 3149 1272 3197 orn-1

257 3248 370 3328 nium,
377 3243 446 3312 sed
450 3242 668 3342 aliquorum
678 3243 855 3315 resolutio
864 3243 980 3332 ottob
990 3267 1104 3339 quum
1111 3267 1264 3314 causam

255 3358 322 3428 uel
337 3383 500 3447 sursum,
523 3360 589 3435 vel
612 3360 806 3446 deorsum,
835 3359 901 3430 vel
921 3365 958 3428 in
972 3381 974 3388 ’
989 3357 1109 3428 latera
1127 3374 1265 3430 nutant

255 3474 364 3545 oculi.
385 3477 456 3548 Sed
477 3493 513 3550 et
536 3479 664 3575 aliquo
690 3503 735 3548 au
754 3477 813 3548 his
829 3475 1007 3549 musculis
1026 3477 1173 3546 imbuto
1195 3475 1264 3546 hu·

254 3592 443 3682 moribus,
460 3598 585 3668 minus
602 3595 772 3694 expedite
793 3620 861 3693 per
879 3595 1002 3692 ipsum
1024 3594 1262 3664 circumeun-

253 3709 372 3800 tibus.
393 3712 613 3784 strabismus
626 3713 817 3784 interdum
828 3710 890 3800 fit,
909 3713 1005 3782 utin
1022 3711 1262 3782 uxoreamici
1305 3709 1308 3714 ’

250 3826 600 3922 jurisconsultifieri
610 3830 706 3918 vidi,
725 3855 807 3928 quae
816 3827 1112 3918 defluxionibus‚
1131 3829 1262 3899 utvul·

253 3969 320 4040 gus
334 3948 547 4046 sappeditat,
564 3947 612 4018 ad
630 3948 766 4020 radicis
780 3948 860 4019 nasi
875 3947 1035 4019 alterum
1046 3947 1143 4020 latus
1162 3971 1259 4036 eam·
