<?xml version="1.0" encoding="UTF-8"?>
<!DOCTYPE html PUBLIC "-//W3C//DTD XHTML 1.0 Transitional//EN"
    "http://www.w3.org/TR/xhtml1/DTD/xhtml1-transitional.dtd">
<html xmlns="http://www.w3.org/1999/xhtml" xml:lang="en" lang="en">
 <head>
  <title>
</title>
<meta http-equiv="Content-Type" content="text/html;charset=utf-8" />
  <meta name='ocr-system' content='tesseract 3.04.00' />
  <meta name='ocr-capabilities' content='ocr_page ocr_carea ocr_par ocr_line ocrx_word'/>
</head>
<body>
  <div class='ocr_page' id='page_1' title='image "./desedibusetcaus00chaugoog_0176.png"; bbox 0 0 2766 4670; ppageno 0'>
   <div class='ocr_carea' id='block_1_1' title="bbox 127 417 1054 514">
    <p class='ocr_par' dir='ltr' id='par_1_1' title="bbox 127 417 1054 514">
     <span class='ocr_line' id='line_1_1' title="bbox 127 417 1054 514; baseline 0.001 -28"><span class='ocrx_word' id='word_1_1' title='bbox 127 439 200 486; x_wconf 80' lang='lat' dir='ltr'><strong>nm.</strong></span> <span class='ocrx_word' id='word_1_2' title='bbox 226 437 269 485; x_wconf 88' lang='lat'><strong>11.</strong></span> <span class='ocrx_word' id='word_1_3' title='bbox 299 435 346 486; x_wconf 82' lang='lat' dir='ltr'><strong>nr</strong></span> <span class='ocrx_word' id='word_1_4' title='bbox 371 435 508 484; x_wconf 80' lang='lat' dir='ltr'><strong>nonnis</strong></span> <span class='ocrx_word' id='word_1_5' title='bbox 533 431 732 503; x_wconf 75' lang='lat' dir='ltr'><strong>rmnsors,</strong></span> <span class='ocrx_word' id='word_1_6' title='bbox 758 439 869 487; x_wconf 80' lang='lat' dir='ltr'><strong>rrrsr.</strong></span> <span class='ocrx_word' id='word_1_7' title='bbox 896 439 955 486; x_wconf 87' lang='lat' dir='ltr'><strong>xv.</strong></span> <span class='ocrx_word' id='word_1_8' title='bbox 987 417 1054 514; x_wconf 83' lang='lat'><strong>173</strong></span> 
     </span>
    </p>
   </div>
   <div class='ocr_carea' id='block_1_2' title="bbox 43 551 1118 4049">
    <p class='ocr_par' dir='ltr' id='par_1_2' title="bbox 43 551 1057 1469">
     <span class='ocr_line' id='line_1_2' title="bbox 43 551 1056 650; baseline 0.001 -27"><span class='ocrx_word' id='word_1_9' title='bbox 43 553 113 624; x_wconf 89' lang='lat' dir='ltr'><strong>bus</strong></span> <span class='ocrx_word' id='word_1_10' title='bbox 127 552 323 650; x_wconf 83' lang='lat' dir='ltr'><strong>praecipua</strong></span> <span class='ocrx_word' id='word_1_11' title='bbox 340 551 430 622; x_wconf 82' lang='lat' dir='ltr'><strong>laesae</strong></span> <span class='ocrx_word' id='word_1_12' title='bbox 446 551 706 648; x_wconf 82' lang='lat' dir='ltr'>respirationis</span> <span class='ocrx_word' id='word_1_13' title='bbox 720 573 834 624; x_wconf 55' lang='lat' dir='ltr'><strong>¹eausa</strong></span> <span class='ocrx_word' id='word_1_14' title='bbox 850 566 952 624; x_wconf 83' lang='lat' dir='ltr'><strong>extra</strong></span> <span class='ocrx_word' id='word_1_15' title='bbox 970 553 1056 624; x_wconf 85' lang='lat' dir='ltr'><strong>tho·</strong></span> 
     </span>
     <span class='ocr_line' id='line_1_3' title="bbox 45 667 1057 764; baseline 0.001 -26"><span class='ocrx_word' id='word_1_16' title='bbox 45 693 171 741; x_wconf 86' lang='lat' dir='ltr'><strong>racem</strong></span> <span class='ocrx_word' id='word_1_17' title='bbox 182 683 260 756; x_wconf 90' lang='lat' dir='ltr'><strong>est,</strong></span> <span class='ocrx_word' id='word_1_18' title='bbox 279 683 361 738; x_wconf 89' lang='lat' dir='ltr'><strong>tum</strong></span> <span class='ocrx_word' id='word_1_19' title='bbox 379 667 493 739; x_wconf 87' lang='lat' dir='ltr'><strong>casin</strong></span> <span class='ocrx_word' id='word_1_20' title='bbox 507 667 715 764; x_wconf 91' lang='lat' dir='ltr'><strong>quibusest</strong></span> <span class='ocrx_word' id='word_1_21' title='bbox 730 668 1057 759; x_wconf 80' lang='lat' dir='ltr'><strong>intrathoracem3</strong></span> 
     </span>
     <span class='ocr_line' id='line_1_4' title="bbox 45 783 1056 883; baseline 0 -25"><span class='ocrx_word' id='word_1_22' title='bbox 45 813 89 858; x_wconf 83' lang='lat' dir='ltr'><strong>ex</strong></span> <span class='ocrx_word' id='word_1_23' title='bbox 109 784 173 858; x_wconf 90' lang='lat' dir='ltr'><strong>his</strong></span> <span class='ocrx_word' id='word_1_24' title='bbox 198 796 326 856; x_wconf 87' lang='lat' dir='ltr'><strong>autem</strong></span> <span class='ocrx_word' id='word_1_25' title='bbox 343 808 474 856; x_wconf 89' lang='lat' dir='ltr'><strong>rursus</strong></span> <span class='ocrx_word' id='word_1_26' title='bbox 497 783 579 856; x_wconf 90' lang='lat' dir='ltr'><strong>illas</strong></span> <span class='ocrx_word' id='word_1_27' title='bbox 597 785 821 882; x_wconf 77' lang='lat' dir='ltr'><strong>primumin</strong></span> <span class='ocrx_word' id='word_1_28' title='bbox 841 784 981 883; x_wconf 90' lang='lat' dir='ltr'><strong>quibus</strong></span> <span class='ocrx_word' id='word_1_29' title='bbox 1001 799 1056 858; x_wconf 90' lang='lat' dir='ltr'><strong>est</strong></span> 
     </span>
     <span class='ocr_line' id='line_1_5' title="bbox 48 899 1056 1001; baseline 0.003 -29"><span class='ocrx_word' id='word_1_30' title='bbox 48 904 85 972; x_wconf 91' lang='lat' dir='ltr'><strong>in</strong></span> <span class='ocrx_word' id='word_1_31' title='bbox 98 903 305 1001; x_wconf 85' lang='lat' dir='ltr'>pulmone,</span> <span class='ocrx_word' id='word_1_32' title='bbox 325 917 406 974; x_wconf 90' lang='lat' dir='ltr'><strong>tum</strong></span> <span class='ocrx_word' id='word_1_33' title='bbox 421 901 502 972; x_wconf 89' lang='lat' dir='ltr'><strong>illas</strong></span> <span class='ocrx_word' id='word_1_34' title='bbox 522 899 686 998; x_wconf 89' lang='lat' dir='ltr'><strong>denique</strong></span> <span class='ocrx_word' id='word_1_35' title='bbox 705 901 899 1000; x_wconf 90' lang='lat' dir='ltr'><strong>inquibus</strong></span> <span class='ocrx_word' id='word_1_36' title='bbox 915 904 955 974; x_wconf 93' lang='lat' dir='ltr'><strong>in</strong></span> <span class='ocrx_word' id='word_1_37' title='bbox 972 904 1056 975; x_wconf 90' lang='lat' dir='ltr'><strong>tho·</strong></span> 
     </span>
     <span class='ocr_line' id='line_1_6' title="bbox 48 1013 1055 1116; baseline 0.002 -27"><span class='ocrx_word' id='word_1_38' title='bbox 48 1044 128 1092; x_wconf 84' lang='lat' dir='ltr'><strong>racc</strong></span> <span class='ocrx_word' id='word_1_39' title='bbox 142 1018 304 1116; x_wconf 88' lang='lat' dir='ltr'><strong>quidem</strong></span> <span class='ocrx_word' id='word_1_40' title='bbox 317 1033 390 1108; x_wconf 90' lang='lat' dir='ltr'><strong>est,</strong></span> <span class='ocrx_word' id='word_1_41' title='bbox 406 1016 470 1089; x_wconf 90' lang='lat' dir='ltr'><strong>sed</strong></span> <span class='ocrx_word' id='word_1_42' title='bbox 484 1013 588 1089; x_wconf 84' lang='lat' dir='ltr'><strong>extra</strong></span> <span class='ocrx_word' id='word_1_43' title='bbox 602 1019 834 1116; x_wconf 86' lang='lat' dir='ltr'><strong>pulmonem.</strong></span> <span class='ocrx_word' id='word_1_44' title='bbox 846 1024 942 1098; x_wconf 86' lang='lat' dir='ltr'><strong>Cum</strong></span> <span class='ocrx_word' id='word_1_45' title='bbox 951 1044 1055 1110; x_wconf 82' lang='lat' dir='ltr'><strong>ver0,</strong></span> 
     </span>
     <span class='ocr_line' id='line_1_7' title="bbox 49 1135 1056 1233; baseline 0.002 -25"><span class='ocrx_word' id='word_1_46' title='bbox 49 1135 204 1233; x_wconf 83' lang='lat' dir='ltr'><strong>qnando</strong></span> <span class='ocrx_word' id='word_1_47' title='bbox 224 1151 328 1208; x_wconf 86' lang='lat' dir='ltr'><strong>extra</strong></span> <span class='ocrx_word' id='word_1_48' title='bbox 347 1135 542 1207; x_wconf 83' lang='lat' dir='ltr'><strong>thoracem</strong></span> <span class='ocrx_word' id='word_1_49' title='bbox 566 1149 641 1224; x_wconf 89' lang='lat' dir='ltr'><strong>est,</strong></span> <span class='ocrx_word' id='word_1_50' title='bbox 663 1135 791 1209; x_wconf 90' lang='lat' dir='ltr'><strong>sedem</strong></span> <span class='ocrx_word' id='word_1_51' title='bbox 810 1138 969 1210; x_wconf 86' lang='lat' dir='ltr'><strong>maxime</strong></span> <span class='ocrx_word' id='word_1_52' title='bbox 989 1136 1056 1210; x_wconf 84' lang='lat' dir='ltr'><strong>ha·-</strong></span> 
     </span>
     <span class='ocr_line' id='line_1_8' title="bbox 51 1237 1055 1352; baseline 0.002 -28"><span class='ocrx_word' id='word_1_53' title='bbox 51 1252 132 1325; x_wconf 89' lang='lat' dir='ltr'><strong>beat</strong></span> <span class='ocrx_word' id='word_1_54' title='bbox 152 1270 222 1327; x_wconf 90' lang='lat' dir='ltr'><strong>aut</strong></span> <span class='ocrx_word' id='word_1_55' title='bbox 244 1255 285 1324; x_wconf 84' lang='lat' dir='ltr'><strong>in</strong></span> <span class='ocrx_word' id='word_1_56' title='bbox 308 1254 447 1352; x_wconf 86' lang='lat' dir='ltr'><strong>capite,</strong></span> <span class='ocrx_word' id='word_1_57' title='bbox 467 1237 590 1324; x_wconf 85' lang='lat' dir='ltr'><strong>autin</strong></span> <span class='ocrx_word' id='word_1_58' title='bbox 612 1268 764 1343; x_wconf 83' lang='lat' dir='ltr'><strong>ventre,</strong></span> <span class='ocrx_word' id='word_1_59' title='bbox 788 1269 853 1326; x_wconf 87' lang='lat' dir='ltr'><strong>aut</strong></span> <span class='ocrx_word' id='word_1_60' title='bbox 875 1256 915 1326; x_wconf 92' lang='lat' dir='ltr'><strong>in</strong></span> <span class='ocrx_word' id='word_1_61' title='bbox 935 1255 1055 1345; x_wconf 91' lang='lat' dir='ltr'><strong>collo,</strong></span> 
     </span>
     <span class='ocr_line' id='line_1_9' title="bbox 53 1370 748 1469; baseline 0 -29"><span class='ocrx_word' id='word_1_62' title='bbox 53 1395 106 1444; x_wconf 89' lang='lat' dir='ltr'><strong>me</strong></span> <span class='ocrx_word' id='word_1_63' title='bbox 122 1373 235 1468; x_wconf 84' lang='lat' dir='ltr'><strong>juvat</strong></span> <span class='ocrx_word' id='word_1_64' title='bbox 252 1396 274 1442; x_wconf 93' lang='lat' dir='ltr'><strong>a</strong></span> <span class='ocrx_word' id='word_1_65' title='bbox 289 1373 410 1469; x_wconf 85' lang='lat' dir='ltr'><strong>capite</strong></span> <span class='ocrx_word' id='word_1_66' title='bbox 426 1370 576 1442; x_wconf 89' lang='lat' dir='ltr'><strong>initium</strong></span> <span class='ocrx_word' id='word_1_67' title='bbox 598 1370 748 1442; x_wconf 89' lang='lat' dir='ltr'><strong>ducere.</strong></span> 
     </span>
    </p>

    <p class='ocr_par' dir='ltr' id='par_1_3' title="bbox 53 1480 1118 4049">
     <span class='ocr_line' id='line_1_10' title="bbox 96 1480 1056 1586; baseline 0.005 -28"><span class='ocrx_word' id='word_1_68' title='bbox 96 1494 128 1576; x_wconf 73' lang='grc'><strong>4.</strong></span> <span class='ocrx_word' id='word_1_69' title='bbox 157 1480 342 1560; x_wconf 83' lang='lat' dir='ltr'><strong>Willisius</strong></span> <span class='ocrx_word' id='word_1_70' title='bbox 366 1487 519 1586; x_wconf 91' lang='lat' dir='ltr'><strong>quidem</strong></span> <span class='ocrx_word' id='word_1_71' title='bbox 537 1490 578 1558; x_wconf 93' lang='lat' dir='ltr'><strong>in</strong></span> <span class='ocrx_word' id='word_1_72' title='bbox 601 1486 739 1560; x_wconf 85' lang='lat' dir='ltr'><strong>scholis</strong></span> <span class='ocrx_word' id='word_1_73' title='bbox 757 1488 991 1562; x_wconf 89' lang='lat' dir='ltr'><strong>medicorum</strong></span> <span class='ocrx_word' id='word_1_74' title='bbox 1009 1491 1056 1563; x_wconf 91' lang='lat' dir='ltr'><strong>de</strong></span> 
     </span>
     <span class='ocr_line' id='line_1_11' title="bbox 54 1605 1057 1680; baseline 0.003 -4"><span class='ocrx_word' id='word_1_75' title='bbox 54 1605 236 1678; x_wconf 86' lang='lat' dir='ltr'><strong>asthmate</strong></span> <span class='ocrx_word' id='word_1_76' title='bbox 255 1606 473 1677; x_wconf 86' lang='lat' dir='ltr'><strong>convulsivo</strong></span> <span class='ocrx_word' id='word_1_77' title='bbox 491 1605 704 1679; x_wconf 84' lang='lat' dir='ltr'><strong>doctrinam</strong></span> <span class='ocrx_word' id='word_1_78' title='bbox 719 1607 880 1677; x_wconf 88' lang='lat' dir='ltr'><strong>maxime</strong></span> <span class='ocrx_word' id='word_1_79' title='bbox 896 1607 1057 1680; x_wconf 48' lang='lat' dir='ltr'><strong>illustra*</strong></span> 
     </span>
     <span class='ocr_line' id='line_1_12' title="bbox 56 1719 1057 1821; baseline 0.003 -29"><span class='ocrx_word' id='word_1_80' title='bbox 56 1724 118 1812; x_wconf 88' lang='lat' dir='ltr'><strong>vit,</strong></span> <span class='ocrx_word' id='word_1_81' title='bbox 136 1724 294 1821; x_wconf 87' lang='lat' dir='ltr'><strong>suisque</strong></span> <span class='ocrx_word' id='word_1_82' title='bbox 314 1719 550 1794; x_wconf 85' lang='lat' dir='ltr'><strong>confirmavit</strong></span> <span class='ocrx_word' id='word_1_83' title='bbox 566 1723 909 1810; x_wconf 80' lang='lat' dir='ltr'><strong>observationibus,</strong></span> <span class='ocrx_word' id='word_1_84' title='bbox 924 1748 1057 1795; x_wconf 92' lang='lat' dir='ltr'><strong>eorum</strong></span> 
     </span>
     <span class='ocr_line' id='line_1_13' title="bbox 58 1841 1058 1938; baseline 0.002 -28"><span class='ocrx_word' id='word_1_85' title='bbox 58 1841 282 1937; x_wconf 77' lang='lat' dir='ltr'><strong>prasertim,</strong></span> <span class='ocrx_word' id='word_1_86' title='bbox 304 1841 372 1937; x_wconf 93' lang='lat' dir='ltr'><strong>qui</strong></span> <span class='ocrx_word' id='word_1_87' title='bbox 398 1842 472 1912; x_wconf 92' lang='lat' dir='ltr'><strong>nisi</strong></span> <span class='ocrx_word' id='word_1_88' title='bbox 499 1854 665 1912; x_wconf 90' lang='lat' dir='ltr'><strong>erectum</strong></span> <span class='ocrx_word' id='word_1_89' title='bbox 690 1863 853 1936; x_wconf 88' lang='lat' dir='ltr'><strong>semper,</strong></span> <span class='ocrx_word' id='word_1_90' title='bbox 881 1854 945 1909; x_wconf 91' lang='lat' dir='ltr'><strong>aut</strong></span> <span class='ocrx_word' id='word_1_91' title='bbox 969 1864 1058 1938; x_wconf 89' lang='lat' dir='ltr'><strong>pro·</strong></span> 
     </span>
     <span class='ocr_line' id='line_1_14' title="bbox 53 1953 1058 2055; baseline 0 -28"><span class='ocrx_word' id='word_1_92' title='bbox 53 1975 142 2028; x_wconf 86' lang='lat' dir='ltr'><strong>¹num</strong></span> <span class='ocrx_word' id='word_1_93' title='bbox 163 1972 283 2055; x_wconf 88' lang='lat' dir='ltr'><strong>caput</strong></span> <span class='ocrx_word' id='word_1_94' title='bbox 306 1970 518 2044; x_wconf 80' lang='lat' dir='ltr'><strong>servarent,</strong></span> <span class='ocrx_word' id='word_1_95' title='bbox 540 1959 666 2026; x_wconf 83' lang='lat' dir='ltr'><strong>statim</strong></span> <span class='ocrx_word' id='word_1_96' title='bbox 682 1955 812 2028; x_wconf 77' lang='lat' dir='ltr'><strong>anheli</strong></span> <span class='ocrx_word' id='word_1_97' title='bbox 833 1953 992 2044; x_wconf 87' lang='lat' dir='ltr'><strong>fiebant,</strong></span> <span class='ocrx_word' id='word_1_98' title='bbox 1012 1981 1058 2028; x_wconf 87' lang='lat' dir='ltr'><strong>ao</strong></span> 
     </span>
     <span class='ocr_line' id='line_1_15' title="bbox 59 2074 1057 2172; baseline 0 -28"><span class='ocrx_word' id='word_1_99' title='bbox 59 2074 385 2148; x_wconf 76' lang='lat' dir='ltr'><strong>velatmortbundt</strong></span> <span class='ocrx_word' id='word_1_100' title='bbox 397 2075 654 2172; x_wconf 78' lang='lat' dir='ltr'><strong>respirabant,</strong></span> <span class='ocrx_word' id='word_1_101' title='bbox 673 2097 758 2142; x_wconf 92' lang='lat' dir='ltr'><strong>cum</strong></span> <span class='ocrx_word' id='word_1_102' title='bbox 775 2088 981 2144; x_wconf 86' lang='lat' dir='ltr'><strong>retrorsum</strong></span> <span class='ocrx_word' id='word_1_103' title='bbox 999 2097 1057 2144; x_wconf 87' lang='lat' dir='ltr'><strong>ca·</strong></span> 
     </span>
     <span class='ocr_line' id='line_1_16' title="bbox 60 2187 1118 2290; baseline -0.001 -27"><span class='ocrx_word' id='word_1_104' title='bbox 60 2207 121 2289; x_wconf 92' lang='lat' dir='ltr'><strong>put</strong></span> <span class='ocrx_word' id='word_1_105' title='bbox 139 2203 360 2280; x_wconf 87' lang='lat' dir='ltr'><strong>moverent,</strong></span> <span class='ocrx_word' id='word_1_106' title='bbox 385 2206 449 2263; x_wconf 90' lang='lat' dir='ltr'><strong>aut</strong></span> <span class='ocrx_word' id='word_1_107' title='bbox 474 2187 917 2290; x_wconf 30' lang='lat' dir='ltr'><strong>supini&#39;decumberenu</strong></span> <span class='ocrx_word' id='word_1_108' title='bbox 936 2190 1058 2290; x_wconf 88' lang='lat' dir='ltr'><strong>&#39;idque</strong></span> <span class='ocrx_word' id='word_1_109' title='bbox 1112 2257 1118 2268; x_wconf 84' lang='lat'><strong><em>‚</em></strong></span> 
     </span>
     <span class='ocr_line' id='line_1_17' title="bbox 61 2307 1064 2405; baseline 0.002 -27"><span class='ocrx_word' id='word_1_110' title='bbox 61 2333 129 2380; x_wconf 90' lang='lat' dir='ltr'><strong>non</strong></span> <span class='ocrx_word' id='word_1_111' title='bbox 147 2310 262 2382; x_wconf 86' lang='lat' dir='ltr'><strong>aliam</strong></span> <span class='ocrx_word' id='word_1_112' title='bbox 280 2308 330 2383; x_wconf 89' lang='lat' dir='ltr'><strong>ob</strong></span> <span class='ocrx_word' id='word_1_113' title='bbox 346 2333 515 2397; x_wconf 86' lang='lat' dir='ltr'><strong>causam,</strong></span> <span class='ocrx_word' id='word_1_114' title='bbox 534 2308 605 2380; x_wconf 90' lang='lat' dir='ltr'><strong>nisi</strong></span> <span class='ocrx_word' id='word_1_115' title='bbox 622 2307 727 2405; x_wconf 89' lang='lat' dir='ltr'><strong>quod</strong></span> <span class='ocrx_word' id='word_1_116' title='bbox 740 2309 814 2379; x_wconf 90' lang='lat' dir='ltr'><strong>seri</strong></span> <span class='ocrx_word' id='word_1_117' title='bbox 829 2309 925 2380; x_wconf 89' lang='lat' dir='ltr'><strong>acris</strong></span> <span class='ocrx_word' id='word_1_118' title='bbox 944 2308 1064 2380; x_wconf 80' lang='lat' dir='ltr'><strong>collo-¹</strong></span> 
     </span>
     <span class='ocr_line' id='line_1_18' title="bbox 63 2425 1060 2524; baseline 0.004 -30"><span class='ocrx_word' id='word_1_119' title='bbox 63 2426 128 2498; x_wconf 85' lang='lat' dir='ltr'><strong>vies</strong></span> <span class='ocrx_word' id='word_1_120' title='bbox 146 2429 303 2524; x_wconf 89' lang='lat' dir='ltr'><strong>ingens,</strong></span> <span class='ocrx_word' id='word_1_121' title='bbox 330 2451 412 2523; x_wconf 84' lang='lat' dir='ltr'><strong>quae</strong></span> <span class='ocrx_word' id='word_1_122' title='bbox 435 2427 534 2496; x_wconf 88' lang='lat' dir='ltr'><strong>intra</strong></span> <span class='ocrx_word' id='word_1_123' title='bbox 561 2449 696 2496; x_wconf 91' lang='lat' dir='ltr'><strong>eorum</strong></span> <span class='ocrx_word' id='word_1_124' title='bbox 723 2425 923 2496; x_wconf 90' lang='lat' dir='ltr'><strong>cerebrum</strong></span> <span class='ocrx_word' id='word_1_125' title='bbox 945 2425 1060 2498; x_wconf 90' lang='lat' dir='ltr'><strong>disse-</strong></span> 
     </span>
     <span class='ocr_line' id='line_1_19' title="bbox 64 2542 1060 2640; baseline 0.003 -29"><span class='ocrx_word' id='word_1_126' title='bbox 64 2544 177 2616; x_wconf 87' lang='lat' dir='ltr'><strong>cando</strong></span> <span class='ocrx_word' id='word_1_127' title='bbox 194 2543 476 2637; x_wconf 79' lang='lat' dir='ltr'><strong>inveniebatur,</strong></span> <span class='ocrx_word' id='word_1_128' title='bbox 493 2542 585 2618; x_wconf 90' lang='lat' dir='ltr'><strong>dum</strong></span> <span class='ocrx_word' id='word_1_129' title='bbox 600 2556 733 2640; x_wconf 90' lang='lat' dir='ltr'><strong>caput,</strong></span> <span class='ocrx_word' id='word_1_130' title='bbox 750 2557 792 2615; x_wconf 93' lang='lat' dir='ltr'><strong>ut</strong></span> <span class='ocrx_word' id='word_1_131' title='bbox 806 2542 986 2631; x_wconf 86' lang='lat' dir='ltr'><strong>diximus,</strong></span> <span class='ocrx_word' id='word_1_132' title='bbox 1001 2569 1060 2614; x_wconf 87' lang='lat' dir='ltr'><strong>re·</strong></span> 
     </span>
     <span class='ocr_line' id='line_1_20' title="bbox 63 2659 1061 2758; baseline 0.001 -28"><span class='ocrx_word' id='word_1_133' title='bbox 63 2659 264 2749; x_wconf 82' lang='lat' dir='ltr'><strong>clinarent,</strong></span> <span class='ocrx_word' id='word_1_134' title='bbox 290 2683 420 2732; x_wconf 89' lang='lat' dir='ltr'><strong>versus</strong></span> <span class='ocrx_word' id='word_1_135' title='bbox 446 2685 650 2732; x_wconf 85' lang='lat' dir='ltr'><strong>nervorum</strong></span> <span class='ocrx_word' id='word_1_136' title='bbox 678 2661 862 2757; x_wconf 85' lang='lat' dir='ltr'><strong>originem</strong></span> <span class='ocrx_word' id='word_1_137' title='bbox 888 2663 954 2758; x_wconf 91' lang='lat' dir='ltr'><strong>qui</strong></span> <span class='ocrx_word' id='word_1_138' title='bbox 979 2662 1061 2758; x_wconf 89' lang='lat' dir='ltr'><strong>pul·</strong></span> 
     </span>
     <span class='ocr_line' id='line_1_21' title="bbox 65 2775 1061 2873; baseline 0.004 -29"><span class='ocrx_word' id='word_1_139' title='bbox 65 2779 163 2850; x_wconf 90' lang='lat' dir='ltr'><strong>moni</strong></span> <span class='ocrx_word' id='word_1_140' title='bbox 173 2777 406 2862; x_wconf 86' lang='lat' dir='ltr'><strong>inserviunt,</strong></span> <span class='ocrx_word' id='word_1_141' title='bbox 421 2777 590 2873; x_wconf 81' lang='lat' dir='ltr'><strong>relapsa,</strong></span> <span class='ocrx_word' id='word_1_142' title='bbox 611 2776 713 2850; x_wconf 90' lang='lat' dir='ltr'><strong>illam</strong></span> <span class='ocrx_word' id='word_1_143' title='bbox 730 2775 988 2849; x_wconf 84' lang='lat' dir='ltr'><strong>vehementius</strong></span> <span class='ocrx_word' id='word_1_144' title='bbox 999 2803 1061 2848; x_wconf 89' lang='lat' dir='ltr'><strong>ur·</strong></span> 
     </span>
     <span class='ocr_line' id='line_1_22' title="bbox 65 2893 1061 2991; baseline 0.002 -27"><span class='ocrx_word' id='word_1_145' title='bbox 65 2894 191 2988; x_wconf 85' lang='lat' dir='ltr'><strong>gebat,</strong></span> <span class='ocrx_word' id='word_1_146' title='bbox 207 2893 530 2991; x_wconf 83' lang='lat' dir='ltr'><strong>quemadmodum</strong></span> <span class='ocrx_word' id='word_1_147' title='bbox 558 2918 603 2965; x_wconf 83' lang='lat' dir='ltr'><strong>ex</strong></span> <span class='ocrx_word' id='word_1_148' title='bbox 629 2895 804 2966; x_wconf 87' lang='lat' dir='ltr'><strong>sectionis</strong></span> <span class='ocrx_word' id='word_1_149' title='bbox 820 2893 933 2989; x_wconf 85' lang='lat' dir='ltr'><strong>hujus</strong></span> <span class='ocrx_word' id='word_1_150' title='bbox 953 2899 971 2964; x_wconf 93' lang='lat' dir='ltr'>I</span> <span class='ocrx_word' id='word_1_151' title='bbox 992 2895 1061 2966; x_wconf 87' lang='lat' dir='ltr'><strong>ob.-</strong></span> 
     </span>
     <span class='ocr_line' id='line_1_23' title="bbox 64 3010 1062 3108; baseline 0 -26"><span class='ocrx_word' id='word_1_152' title='bbox 64 3013 269 3084; x_wconf 83' lang='lat' dir='ltr'><strong>servatione</strong></span> <span class='ocrx_word' id='word_1_153' title='bbox 282 3013 426 3083; x_wconf 83' lang='lat' dir='ltr'>CLXIV</span> <span class='ocrx_word' id='word_1_154' title='bbox 439 3035 652 3108; x_wconf 86' lang='lat' dir='ltr'><strong>cognosces.</strong></span> <span class='ocrx_word' id='word_1_155' title='bbox 675 3011 756 3104; x_wconf 69' lang='lat' dir='ltr'><strong>Sed,</strong></span> <span class='ocrx_word' id='word_1_156' title='bbox 765 3010 864 3080; x_wconf 91' lang='lat' dir='ltr'><strong>idem</strong></span> <span class='ocrx_word' id='word_1_157' title='bbox 879 3027 1005 3082; x_wconf 91' lang='lat' dir='ltr'><strong>tamen</strong></span> <span class='ocrx_word' id='word_1_158' title='bbox 1018 3037 1062 3082; x_wconf 89' lang='lat' dir='ltr'><strong>ea</strong></span> 
     </span>
     <span class='ocr_line' id='line_1_24' title="bbox 65 3127 1062 3225; baseline 0.002 -27"><span class='ocrx_word' id='word_1_159' title='bbox 65 3131 190 3202; x_wconf 86' lang='lat' dir='ltr'><strong>melius</strong></span> <span class='ocrx_word' id='word_1_160' title='bbox 201 3129 388 3200; x_wconf 91' lang='lat' dir='ltr'><strong>omisisset</strong></span> <span class='ocrx_word' id='word_1_161' title='bbox 400 3153 482 3224; x_wconf 80' lang='lat' dir='ltr'><strong>quae</strong></span> <span class='ocrx_word' id='word_1_162' title='bbox 497 3130 536 3199; x_wconf 92' lang='lat' dir='ltr'><strong>in</strong></span> <span class='ocrx_word' id='word_1_163' title='bbox 555 3128 699 3202; x_wconf 91' lang='lat' dir='ltr'><strong>scholio</strong></span> <span class='ocrx_word' id='word_1_164' title='bbox 713 3128 829 3225; x_wconf 89' lang='lat' dir='ltr'><strong>leges,</strong></span> <span class='ocrx_word' id='word_1_165' title='bbox 844 3127 966 3198; x_wconf 89' lang='lat' dir='ltr'><strong>eidem</strong></span> <span class='ocrx_word' id='word_1_166' title='bbox 980 3127 1062 3200; x_wconf 90' lang='lat' dir='ltr'><strong>sub·</strong></span> 
     </span>
     <span class='ocr_line' id='line_1_25' title="bbox 62 3243 1063 3342; baseline -0.003 -26"><span class='ocrx_word' id='word_1_167' title='bbox 62 3244 155 3338; x_wconf 85' lang='lat' dir='ltr'><strong>jecto</strong></span> <span class='ocrx_word' id='word_1_168' title='bbox 170 3244 446 3333; x_wconf 82' lang='lat' dir='ltr'><strong>observationi,</strong></span> <span class='ocrx_word' id='word_1_169' title='bbox 463 3245 636 3318; x_wconf 89' lang='lat' dir='ltr'><strong>videlicet</strong></span> <span class='ocrx_word' id='word_1_170' title='bbox 651 3243 813 3314; x_wconf 81' lang='lat' dir='ltr'><strong>medicos</strong></span> <span class='ocrx_word' id='word_1_171' title='bbox 828 3259 971 3316; x_wconf 81' lang='lat' dir='ltr'><strong>veteres</strong></span> <span class='ocrx_word' id='word_1_172' title='bbox 977 3249 1063 3342; x_wconf 81' lang='lat' dir='ltr'><strong>pri-</strong></span> 
     </span>
     <span class='ocr_line' id='line_1_26' title="bbox 69 3347 1063 3459; baseline 0.004 -29"><span class='ocrx_word' id='word_1_173' title='bbox 69 3386 162 3432; x_wconf 87' lang='lat' dir='ltr'><strong>mam</strong></span> <span class='ocrx_word' id='word_1_174' title='bbox 193 3347 647 3434; x_wconf 76' lang='lat' dir='ltr'><strong>solummodo&#39;astkmatts</strong></span> <span class='ocrx_word' id='word_1_175' title='bbox 670 3366 829 3459; x_wconf 86' lang='lat' dir='ltr'><strong>speciem</strong></span> <span class='ocrx_word' id='word_1_176' title='bbox 850 3367 1063 3457; x_wconf 64' lang='lat' dir='ltr'><strong>agnovisse,</strong></span> 
     </span>
     <span class='ocr_line' id='line_1_27' title="bbox 70 3479 1067 3573; baseline 0 -23"><span class='ocrx_word' id='word_1_177' title='bbox 70 3501 144 3573; x_wconf 82' lang='lat' dir='ltr'><strong>quae</strong></span> <span class='ocrx_word' id='word_1_178' title='bbox 169 3484 321 3550; x_wconf 87' lang='lat' dir='ltr'><strong>omnino</strong></span> <span class='ocrx_word' id='word_1_179' title='bbox 339 3503 365 3548; x_wconf 86' lang='lat' dir='ltr'><strong>a</strong></span> <span class='ocrx_word' id='word_1_180' title='bbox 381 3479 550 3550; x_wconf 80' lang='lat' dir='ltr'><strong>ductibus</strong></span> <span class='ocrx_word' id='word_1_181' title='bbox 569 3481 738 3570; x_wconf 79' lang='lat' dir='ltr'><strong>aeriferis</strong></span> <span class='ocrx_word' id='word_1_182' title='bbox 762 3481 976 3569; x_wconf 84' lang='lat' dir='ltr'><strong>obstructis,</strong></span> <span class='ocrx_word' id='word_1_183' title='bbox 997 3494 1067 3552; x_wconf 80' lang='lat' dir='ltr'><strong>aut</strong></span> 
     </span>
     <span class='ocr_line' id='line_1_28' title="bbox 68 3594 1067 3694; baseline 0.005 -30"><span class='ocrx_word' id='word_1_184' title='bbox 68 3619 140 3666; x_wconf 86' lang='lat' dir='ltr'><strong>non</strong></span> <span class='ocrx_word' id='word_1_185' title='bbox 160 3602 257 3666; x_wconf 73' lang='lat' dir='ltr'><strong>satir</strong></span> <span class='ocrx_word' id='word_1_186' title='bbox 268 3599 495 3694; x_wconf 79' lang='lat' dir='ltr'><strong>patentibus.</strong></span> <span class='ocrx_word' id='word_1_187' title='bbox 509 3596 710 3694; x_wconf 76' lang='lat' dir='ltr'><strong>procedit,</strong></span> <span class='ocrx_word' id='word_1_188' title='bbox 735 3594 888 3668; x_wconf 86' lang='lat' dir='ltr'><strong>alteram</strong></span> <span class='ocrx_word' id='word_1_189' title='bbox 914 3611 1067 3688; x_wconf 88' lang='lat' dir='ltr'><strong>autem,</strong></span> 
     </span>
     <span class='ocr_line' id='line_1_29' title="bbox 71 3706 1088 3812; baseline 0.005 -31"><span class='ocrx_word' id='word_1_190' title='bbox 71 3713 139 3784; x_wconf 87' lang='lat' dir='ltr'><strong>sive</strong></span> <span class='ocrx_word' id='word_1_191' title='bbox 159 3706 415 3785; x_wconf 71' lang='lat' dir='ltr'><strong>conuulsivam</strong></span> <span class='ocrx_word' id='word_1_192' title='bbox 442 3715 653 3812; x_wconf 84' lang='lat' dir='ltr'><strong>ignorasse,</strong></span> <span class='ocrx_word' id='word_1_193' title='bbox 672 3714 813 3812; x_wconf 87' lang='lat' dir='ltr'><strong>quippe</strong></span> <span class='ocrx_word' id='word_1_194' title='bbox 841 3714 972 3787; x_wconf 91' lang='lat' dir='ltr'><strong>solitos</strong></span> <span class='ocrx_word' id='word_1_195' title='bbox 996 3713 1088 3812; x_wconf 79' lang='lat' dir='ltr'><strong>hu·¹</strong></span> 
     </span>
     <span class='ocr_line' id='line_1_30' title="bbox 68 3827 1064 3930; baseline 0.003 -32"><span class='ocrx_word' id='word_1_196' title='bbox 68 3827 228 3921; x_wconf 84' lang='lat' dir='ltr'><strong>jusmodi</strong></span> <span class='ocrx_word' id='word_1_197' title='bbox 244 3831 428 3903; x_wconf 86' lang='lat' dir='ltr'><strong>asthmata</strong></span> <span class='ocrx_word' id='word_1_198' title='bbox 443 3833 649 3930; x_wconf 83' lang='lat' dir='ltr'><strong>vaporibus</strong></span> <span class='ocrx_word' id='word_1_199' title='bbox 667 3856 692 3903; x_wconf 88' lang='lat' dir='ltr'><strong>a</strong></span> <span class='ocrx_word' id='word_1_200' title='bbox 710 3830 819 3919; x_wconf 87' lang='lat' dir='ltr'><strong>liene,</strong></span> <span class='ocrx_word' id='word_1_201' title='bbox 842 3848 968 3921; x_wconf 85' lang='lat' dir='ltr'><strong>utero,</strong></span> <span class='ocrx_word' id='word_1_202' title='bbox 987 3856 1064 3901; x_wconf 83' lang='lat' dir='ltr'><strong>me-</strong></span> 
     </span>
     <span class='ocr_line' id='line_1_31' title="bbox 70 3949 1063 4049; baseline 0.004 -33"><span class='ocrx_word' id='word_1_203' title='bbox 70 3954 244 4042; x_wconf 72' lang='lat' dir='ltr'><strong>sertorio,</strong></span> <span class='ocrx_word' id='word_1_204' title='bbox 256 3949 417 4027; x_wconf 78' lang='lat' dir='ltr'><strong>autolio</strong></span> <span class='ocrx_word' id='word_1_205' title='bbox 434 3950 602 4049; x_wconf 82' lang='lat' dir='ltr'><strong>quodam</strong></span> <span class='ocrx_word' id='word_1_206' title='bbox 614 3955 765 4037; x_wconf 82' lang='lat' dir='ltr'><strong>viscere,</strong></span> <span class='ocrx_word' id='word_1_207' title='bbox 776 3956 868 4022; x_wconf 81' lang='lat' dir='ltr'><strong>satis</strong></span> <span class='ocrx_word' id='word_1_208' title='bbox 881 3953 1063 4020; x_wconf 72' lang='lat' dir='ltr'><strong>immerito</strong></span> 
     </span>
    </p>
   </div>
   <div class='ocr_carea' id='block_1_3' title="bbox 0 0 1419 4670">
    <p class='ocr_par' dir='ltr' id='par_1_4' title="bbox 0 0 1419 4670">
     <span class='ocr_line' id='line_1_32' title="bbox 0 0 1419 4670; baseline 0 0"><span class='ocrx_word' id='word_1_209' title='bbox 0 0 1419 4670; x_wconf 95' lang='lat' dir='ltr'><strong> </strong></span> 
     </span>
    </p>
   </div>
  </div>
 </body>
</html>
