2820 4662
136 471 214 519 nm.
245 471 290 518 11.
317 469 364 517 na
389 465 527 516 nonus
551 465 745 533 rnonacrs,
771 467 883 524 rrrsr.
910 470 1012 520 xvm.
1041 449 1111 538 413

87 585 245 655 circum
283 582 454 679 undique
484 583 659 652 inventus
694 595 773 670 est,
802 583 833 654 is
867 607 1134 660 concrescere·
1172 655 1174 664 ,

35 781 38 788 ‚
88 726 214 798 ocyus
229 701 408 799 coeperit,
429 715 466 769 et
477 697 598 769 multo
613 699 831 770 crassiorem
849 704 1111 799 proportione

88 819 252 892 obicem
275 821 374 890 inter
394 816 628 888 medicorum
652 817 887 913 tangentium
906 843 1059 904 manus,
1074 833 1112 891 et

86 935 376 1036 pulsationem,
398 928 505 1005 facile
526 935 636 1004 etiam
657 933 708 1004 ‘ab
728 933 787 1005 his
804 937 922 1032 magis
943 935 1110 1009 dissitam

87 1080 135 1127 eo
159 1069 366 1154 tempore,
390 1053 643 1149 interponere.
667 1051 761 1122 Satis
782 1053 895 1148 igitur
913 1053 1112 1152 intelligis,

87 1173 159 1270 qui
187 1169 281 1244 fieri
305 1170 474 1269 potuerit
495 1183 558 1258 ut,
585 1193 672 1240 cum
698 1168 738 1238 in
763 1185 927 1268 utroque
955 1164 1110 1244 illorum

87 1303 192 1362 esset
207 1312 460 1385 aneurysma,
483 1288 523 1356 in
543 1301 681 1359 neutro
701 1302 917 1360 occurreret
935 1289 1108 1386 pulsatio.

85 1409 165 1498 Qui
189 1403 284 1479 fieri
308 1422 431 1478 autem
453 1419 580 1503 posset
603 1419 668 1494 ut,
690 1428 777 1476 cum
796 1429 944 1502 semper
963 1423 1058 1480 esset
1078 1408 1110 1481 is

87 1525 283 1612 morbus,
306 1549 385 1595 non
407 1510 563 1621 'semper
590 1537 715 1595 essent
742 1526 973 1620 paroxysmi,
998 1551 1110 1625 supe·

89 1645 201 1718 riore
226 1642 386 1744 epistola
400 1640 454 1738 (1)
468 1642 677 1712 indicatum
693 1654 757 1712 est.
773 1643 907 1737 Itaque
924 1667 1002 1712 non
1021 1646 1109 1741 quia

90 1761 267 1860 pulsatio
278 1761 391 1848 desit,
411 1783 482 1830 nec
498 1759 587 1855 quia
599 1781 669 1855 per
679 1757 870 1855 longiora,
887 1773 952 1827 aut
965 1757 1110 1830 brevio·

90 1903 138 1950 ra·
150 1879 343 1979 temporis
367 1877 484 1977 spatia
506 1877 695 1975 graviores
714 1875 839 1946 morbi
857 1871 1011 1968 effectus
1029 1901 1109 1948 non

89 2011 330 2097 appareant,
363 2011 405 2068 tu
428 1995 611 2068 continuo
635 1993 803 2066 existima
826 2016 966 2090 aegrum
992 2017 1109 2068 aneu-

87 2130 270 2213 rysmate
279 2137 429 2186 carere:
446 2111 511 2186 sed
528 2110 607 2182 noli
622 2111 681 2183 vel
699 2108 933 2209 longioribus
948 2112 1110 2188 induciis

91 2229 247 2319 fidere,
267 2230 339 2301 nisi
359 2253 447 2300 oum
470 2231 703 2326 paroxysmis
722 2229 832 2300 simul
853 2229 980 2300 omnia
999 2253 1109 2328 pror-

90 2373 164 2422 sus
186 2347 324 2419 abeant
341 2347 610 2444 aneurysmatis
627 2345 780 2436 indicia,
797 2346 939 2418 necilli
955 2348 1033 2444 jam
1050 2373 1108 2420 re·

91 2465 241 2549 deant,
258 2465 288 2536 si
302 2487 417 2536 causae
435 2465 592 2537 redeant
614 2489 773 2562 quarum
794 2465 991 2566 occasione
1011 2466 1109 2538 exci-

93 2581 303 2671 tabantur,
323 2595 366 2653 ut
394 2583 564 2681 corporis
581 2596 727 2668 motus,
751 2579 970 2678 deglutitio,
989 2584 1108 2659 aliare

97 2697 310 2796 ejusmodi,
329 2723 411 2796 quae
436 2699 477 2769 in
495 2697 646 2770 duobus
662 2697 867 2796 propositis
883 2701 989 2797 aegris
1011 2702 1108 2774 sole·

97 2813 215 2906 bant,
231 2817 273 2887 in
292 2815 418 2889 aliisve
436 2839 572 2888 eorum
596 2813 779 2889 similibus
801 2815 925 2888 solent
944 2819 1105 2892 insultus

98 2955 298 3007 renovare.
398 3009 403 3019 ,
1113 3013 1116 3018 ,

152 3079 214 3126 21.
233 3054 270 3124 Si
287 3049 382 3123 forte
401 3050 583 3124 hactenus
597 3053 753 3123 miratus
770 3073 827 3137 es,
844 3073 906 3121 me
918 3051 1033 3147 quiin
1046 3048 1106 3124 his

101 3163 239 3244 litteris
260 3155 540 3241 observaiiones
554 3169 790 3267 promiserim
804 3181 924 3255 meas,
940 3168 1107 3239 animad-

101 3288 297 3360 versiones
309 3286 567 3384 potius,quam
583 3284 882 3370 observationes,
896 3285 1106 3382 protulisse,

102 3424 193 3474 eum
208 3402 256 3474 de
273 3402 443 3499 quinque
456 3401 592 3474 harum
608 3425 702 3498 quas
713 3401 912 3500 proposui,
928 3427 1004 3474 una
1016 3427 1036 3474 a
1047 3430 1107 3478 me

103 3519 168 3610 sit,
187 3533 325 3592 eaeterae
342 3515 390 3589 ab
407 3519 507 3608 aliis;
527 3520 654 3590 mirari
671 3519 747 3614 jam
761 3518 926 3609 desines,
943 3518 1008 3592 ubi
1024 3525 1106 3594 ani·

102 3635 363 3726 madverteris,
381 3637 555 3712 maluisse
582 3663 642 3710 me
669 3653 799 3736 postea
823 3638 916 3736 (2),
936 3663 1107 3714 mearum

142 3922 186 4001 (1)
207 3923 245 3980 N.
268 3939 317 3993 27.
422 3909 426 3916 ⁴

139 4021 186 4106 (a)
207 4023 318 4101 Supra,
334 4041 365 4080 n.
387 4021 432 4080 13.
532 4069 535 4074 .
