2832 4662
239 473 241 480 ,
297 393 366 492 592
462 417 509 464 ne
535 415 681 466 samaus
706 417 750 466 nr
775 413 898 500 causis
915 417 1135 469 tuonnouuu

295 529 635 628 servationibus'(1)
653 531 799 604 videbis
823 555 903 604 esse
927 537 1188 631 congruentia.
1202 539 1308 630 Quae

294 649 412 724 secuti
424 652 522 722 inter
535 647 780 746 relegendum
796 647 1052 748 hasepistolas
1063 653 1229 728 libenter
1246 683 1314 729 co·.

293 769 511 866 gnovimuS,
528 767 580 838 ite
595 767 707 838 etiam
721 764 884 838 libenter
897 765 1080 858 vidimus,
1094 796 1172 870 qua
1188 776 1306 846 ratio.

292 911 341 958 ne
372 885 434 956 alii
458 883 750 983 praestontissimi
781 884 852 954 viri
879 884 1182 977 non-dubitent,
1211 893 1308 987 quin

290 1003 422 1101 pulsus
437 1003 477 1072 iu
488 1000 802 1099 peripneumonia
816 1001 932 1074 modo
945 1027 1024 1076 esse
1036 1006 1187 1102 possint
1199 1005 1307 1096 duri,

290 1121 407 1194 modo
429 1135 555 1192 autem
575 1117 717 1190 molles.
743 1118 921 1208 Quamvis
946 1120 1049 1205 enim
1071 1121 1310 1218 pulmonum

265 1289 267 1296 ·
292 1239 454 1326 arteriae,
477 1237 506 1308 ‘si
519 1233 760 1308 bronchiales
776 1236 957 1332 excipias,
971 1261 1050 1308 non
1068 1238 1155 1328 sint,
1174 1255 1222 1312 ut
1237 1267 1308 1312 cae-

291 1372 378 1428 terae
398 1355 553 1442 onines,
585 1367 622 1424 et
646 1353 685 1424 in
711 1352 771 1426 his
789 1353 1063 1446 intereostales,
1084 1378 1173 1428 cum
1198 1375 1307 1432 aorta

292 1465 532 1561 continuatae,
553 1485 596 1542 ut
616 1493 703 1544 cum
727 1469 798 1542 hac
821 1485 900 1544 tota
924 1495 1009 1546 suas
1027 1475 1184 1572 possint
1198 1499 1306 1548 com-

288 1591 481 1663 municare
500 1590 742 1678 irritationes3
763 1603 890 1662 tamen
909 1590 1051 1664 irritata
1069 1576 1304 1690 pulmonum

289 1733 376 1782 vasa
394 1706 689 1806 ealvehementia
715 1708 938 1806 sanguinem
969 1732 1106 1809 urgere
1130 1711 1172 1781 in
1192 1711 1306 1786 sinis-

288 1843 392 1900 trum
411 1823 535 1899 cordis
550 1825 821 1916 ventriculum,
835 1839 878 1898 ut
888 1824 955 1898 hic
966 1826 1134 1899 irritatus
1149 1830 1303 1926 sangui·

264 1933 265 1936 ¹
288 1971 378 2019 nem
393 1944 638 2016 vehementer
652 1943 693 2014 in
703 1958 847 2016 aortam
861 1943 1081 2043 compellat5
1100 1946 1236 2044 sicque
1249 1950 1305 2046 ip-

288 2087 367 2138 sam
392 2063 533 2154 irritet,
549 2060 688 2134 donec
712 2061 763 2132 ob
787 2076 934 2149 auctam
959 2059 1302 2138 inflammationem

285 2182 514 2280 pulmonum
532 2202 761 2277 compressa,
787 2190 824 2251 et
849 2177 1030 2279 impedita
1047 2177 1190 2250 horum
1211 2205 1302 2254 vasa

286 2301 412 2378 minus
428 2298 691 2396 vehementer,
715 2297 931 2394 minorique
947 2295 1055 2394 copia
1071 2299 1300 2395 sanguinem

264 2390 326 2488 'ln
346 2440 433 2488 eum
447 2415 719 2506 ventriculum,
740 2428 777 2486 et
795 2413 857 2485 hic
874 2415 915 2484 in
936 2429 1079 2508 aortam
1103 2416 1299 2513 impellat,

286 2536 416 2633 sicque
430 2533 501 2604 hac
514 2535 640 2606 minus
651 2585 661 2620 ‚
673 2533 874 2630 minusque
888 2533 1047 2619 irritata,
1065 2533 1193 2606 minus
1210 2533 1298 2606 duri

284 2650 414 2750 pulsus
433 2663 545 2746 atque
563 2648 659 2721 adeo
677 2648 811 2720 molles
829 2645 932 2728 liant.
948 2651 1039 2740 Quae
1058 2651 1191 2722 omnia
1209 2667 1295 2722 tum

285 2766 332 2840 de
348 2779 543 2865 pungente
552 2765 700 2854 dolore,
719 2782 800 2839 tum
814 2765 862 2838 de
879 2765 1011 2864 pulsus
1023 2766 1159 2846 duritie
1174 2769 1217 2840 in
1229 2794 1295 2868 pe·

284 2884 552 2983 ripneumonia
563 2883 625 2956 hic
639 2883 707 2956 tibi
717 2885 821 2956 volui
835 2909 1145 2974 commemorare,
1155 2901 1199 2958 ut
1208 2913 1295 2985 quae

284 3028 331 3078 ex
341 3001 400 3074 his
410 3001 497 3074 licet
509 3055 519 3090 ‚
532 3001 670 3074 addere
685 3004 821 3100 possis,
834 3002 881 3076 ad
895 3003 958 3075 illa
969 3027 1038 3101 per
1048 3028 1133 3101 quae
1146 3018 1298 3076 utrum·

283 3145 356 3219 que
373 3122 413 3191 in
431 3134 619 3205 matrona,
636 3121 744 3217 cujus
764 3144 892 3194 casum
908 3120 1029 3196 multo
1046 3122 1219 3219 superius
1235 3123 1291 3221 (a)

282 3237 478 3336 descripsi,
506 3236 576 3308 tibi
602 3236 786 3334 explicare
807 3251 963 3310 conatus
989 3261 1090 3326 sum,
1117 3240 1292 3338 itemque

193 3333 201 3340 ’
280 3355 380 3438 adea
396 3378 465 3451 per
475 3379 557 3452 quae
568 3355 608 3424 in
617 3356 819 3452 propositis
828 3370 975 3444 sene,et
987 3356 1127 3450 juvene
1139 3356 1291 3453 singula

280 3473 391 3546 etiam
400 3470 618 3542 aliternunc
634 3471 839 3569 explicabo.
857 3474 1021 3564 Durities
1038 3473 1140 3544 enim
1153 3473 1292 3569 pulsus

279 3591 320 3661 in
341 3614 430 3662 sene
449 3611 568 3662 annos
582 3589 660 3683 jam
678 3606 767 3663 nato
784 3591 1019 3690 septuaginta
1032 3604 1200 3687 quatuor
1212 3615 1292 3664 ma·

318 3873 363 3953 (1)
382 3874 452 3932 Vid.
464 3874 569 3931 histor.
584 3891 645 3950 seq.
659 3884 688 3932 et
700 3871 793 3948 Epist.
807 3891 863 3945 21,
877 3892 909 3930 n.
924 3893 978 3948 17,
992 3882 1022 3934 et
1031 3869 1140 3932 histor.
1155 3893 1220 3954 seq.

317 3973 362 4052 (a)
380 3977 419 4032 N.
434 3993 453 4050 9
466 3984 495 4031 et
512 3991 559 4031 ιο.
