<?xml version="1.0" encoding="UTF-8"?>
<!DOCTYPE html PUBLIC "-//W3C//DTD XHTML 1.0 Transitional//EN"
    "http://www.w3.org/TR/xhtml1/DTD/xhtml1-transitional.dtd">
<html xmlns="http://www.w3.org/1999/xhtml" xml:lang="en" lang="en">
 <head>
  <title>
</title>
<meta http-equiv="Content-Type" content="text/html;charset=utf-8" />
  <meta name='ocr-system' content='tesseract 3.04.00' />
  <meta name='ocr-capabilities' content='ocr_page ocr_carea ocr_par ocr_line ocrx_word'/>
</head>
<body>
  <div class='ocr_page' id='page_1' title='image "./desedibusetcaus00chaugoog_0515.png"; bbox 0 0 2832 4662; ppageno 0'>
   <div class='ocr_carea' id='block_1_1' title="bbox 300 471 1320 1416">
    <p class='ocr_par' dir='ltr' id='par_1_1' title="bbox 301 471 1142 561">
     <span class='ocr_line' id='line_1_1' title="bbox 301 471 1142 561; baseline -0.004 -16"><span class='ocrx_word' id='word_1_1' title='bbox 301 471 372 561; x_wconf 72' lang='lat'><strong>524</strong></span> <span class='ocrx_word' id='word_1_2' title='bbox 468 493 514 542; x_wconf 82' lang='lat' dir='ltr'><strong>nn</strong></span> <span class='ocrx_word' id='word_1_3' title='bbox 541 492 686 544; x_wconf 76' lang='lat' dir='ltr'><strong>sumans</strong></span> <span class='ocrx_word' id='word_1_4' title='bbox 710 491 754 542; x_wconf 75' lang='lat' dir='ltr'><strong>ar</strong></span> <span class='ocrx_word' id='word_1_5' title='bbox 779 489 904 541; x_wconf 74' lang='lat' dir='ltr'><strong>crusts</strong></span> <span class='ocrx_word' id='word_1_6' title='bbox 929 487 1142 544; x_wconf 69' lang='lat' dir='ltr'><strong>Morinorum</strong></span> 
     </span>
    </p>

    <p class='ocr_par' dir='ltr' id='par_1_2' title="bbox 300 607 1320 1416">
     <span class='ocr_line' id='line_1_2' title="bbox 300 607 1313 706; baseline -0.002 -24"><span class='ocrx_word' id='word_1_7' title='bbox 300 609 609 682; x_wconf 84' lang='lat' dir='ltr'><strong>nonismaiianni</strong></span> <span class='ocrx_word' id='word_1_8' title='bbox 625 634 713 706; x_wconf 83' lang='lat'><em>1722</em></span> <span class='ocrx_word' id='word_1_9' title='bbox 730 607 775 678; x_wconf 85' lang='lat' dir='ltr'><strong>ad</strong></span> <span class='ocrx_word' id='word_1_10' title='bbox 793 632 852 678; x_wconf 89' lang='lat' dir='ltr'><strong>me</strong></span> <span class='ocrx_word' id='word_1_11' title='bbox 864 608 1033 706; x_wconf 82' lang='lat' dir='ltr'><strong>scripsit,</strong></span> <span class='ocrx_word' id='word_1_12' title='bbox 1055 632 1122 695; x_wconf 93' lang='lat' dir='ltr'><strong>os,</strong></span> <span class='ocrx_word' id='word_1_13' title='bbox 1139 609 1313 706; x_wconf 88' lang='lat' dir='ltr'><strong>inquam,</strong></span> 
     </span>
     <span class='ocr_line' id='line_1_3' title="bbox 302 723 1313 824; baseline -0.001 -25"><span class='ocrx_word' id='word_1_14' title='bbox 302 743 477 800; x_wconf 91' lang='lat' dir='ltr'><strong>mortuus</strong></span> <span class='ocrx_word' id='word_1_15' title='bbox 489 723 659 798; x_wconf 87' lang='lat' dir='ltr'><strong>servabat</strong></span> <span class='ocrx_word' id='word_1_16' title='bbox 667 725 871 798; x_wconf 83' lang='lat' dir='ltr'><strong>arctissime</strong></span> <span class='ocrx_word' id='word_1_17' title='bbox 884 725 1065 797; x_wconf 82' lang='lat' dir='ltr'><strong>clausum.</strong></span> <span class='ocrx_word' id='word_1_18' title='bbox 1081 730 1228 797; x_wconf 88' lang='lat' dir='ltr'><strong>Verum</strong></span> <span class='ocrx_word' id='word_1_19' title='bbox 1245 752 1313 824; x_wconf 87' lang='lat' dir='ltr'><strong>ego</strong></span> 
     </span>
     <span class='ocr_line' id='line_1_4' title="bbox 303 829 1316 942; baseline 0 -26"><span class='ocrx_word' id='word_1_20' title='bbox 303 868 375 917; x_wconf 89' lang='lat' dir='ltr'><strong>nec</strong></span> <span class='ocrx_word' id='word_1_21' title='bbox 392 845 586 941; x_wconf 84' lang='lat' dir='ltr'><strong>laryngem</strong></span> <span class='ocrx_word' id='word_1_22' title='bbox 603 843 786 929; x_wconf 83' lang='lat' dir='ltr'><strong>clausam,</strong></span> <span class='ocrx_word' id='word_1_23' title='bbox 807 867 878 914; x_wconf 88' lang='lat' dir='ltr'><strong>nec</strong></span> <span class='ocrx_word' id='word_1_24' title='bbox 892 829 1316 942; x_wconf 43' lang='lat' dir='ltr'><strong>epiglottidem&#39;depres·</strong></span> 
     </span>
     <span class='ocr_line' id='line_1_5' title="bbox 305 958 1317 1060; baseline -0.003 -25"><span class='ocrx_word' id='word_1_25' title='bbox 305 986 384 1035; x_wconf 88' lang='lat' dir='ltr'><strong>sam</strong></span> <span class='ocrx_word' id='word_1_26' title='bbox 396 959 586 1057; x_wconf 53' lang='lat' dir='ltr'><strong>invenio)</strong></span> <span class='ocrx_word' id='word_1_27' title='bbox 598 965 634 1032; x_wconf 88' lang='lat' dir='ltr'><strong>in</strong></span> <span class='ocrx_word' id='word_1_28' title='bbox 649 963 694 1034; x_wconf 91' lang='lat' dir='ltr'><strong>iis</strong></span> <span class='ocrx_word' id='word_1_29' title='bbox 707 958 983 1048; x_wconf 82' lang='lat' dir='ltr'><strong>animantibus,</strong></span> <span class='ocrx_word' id='word_1_30' title='bbox 998 962 1223 1060; x_wconf 76' lang='lat' dir='ltr'><strong>inquorum</strong></span> <span class='ocrx_word' id='word_1_31' title='bbox 1239 961 1317 1060; x_wconf 95' lang='lat' dir='ltr'><strong>pul·</strong></span> 
     </span>
     <span class='ocr_line' id='line_1_6' title="bbox 305 1079 1314 1178; baseline -0.002 -28"><span class='ocrx_word' id='word_1_32' title='bbox 305 1104 438 1152; x_wconf 91' lang='lat' dir='ltr'><strong>mones</strong></span> <span class='ocrx_word' id='word_1_33' title='bbox 456 1105 552 1176; x_wconf 88' lang='lat' dir='ltr'><strong>aqua</strong></span> <span class='ocrx_word' id='word_1_34' title='bbox 567 1104 614 1152; x_wconf 90' lang='lat' dir='ltr'><strong>ne</strong></span> <span class='ocrx_word' id='word_1_35' title='bbox 630 1094 885 1178; x_wconf 73' lang='lat' dir='ltr'>postmortem</span> <span class='ocrx_word' id='word_1_36' title='bbox 904 1079 1057 1175; x_wconf 82' lang='lat' dir='ltr'><strong>quidem</strong></span> <span class='ocrx_word' id='word_1_37' title='bbox 1075 1079 1314 1178; x_wconf 85' lang='lat' dir='ltr'><strong>illapsaerat:</strong></span> 
     </span>
     <span class='ocr_line' id='line_1_7' title="bbox 307 1194 1317 1294; baseline 0 -26"><span class='ocrx_word' id='word_1_38' title='bbox 307 1222 433 1294; x_wconf 90' lang='lat' dir='ltr'><strong>neque</strong></span> <span class='ocrx_word' id='word_1_39' title='bbox 449 1197 556 1267; x_wconf 82' lang='lat' dir='ltr'><strong>aliter</strong></span> <span class='ocrx_word' id='word_1_40' title='bbox 575 1195 654 1267; x_wconf 92' lang='lat' dir='ltr'><strong>ullo</strong></span> <span class='ocrx_word' id='word_1_41' title='bbox 675 1197 715 1270; x_wconf 90' lang='lat' dir='ltr'><strong>in</strong></span> <span class='ocrx_word' id='word_1_42' title='bbox 734 1195 930 1280; x_wconf 88' lang='lat' dir='ltr'><strong>submerso</strong></span> <span class='ocrx_word' id='word_1_43' title='bbox 942 1197 1086 1268; x_wconf 88' lang='lat' dir='ltr'><strong>invenit</strong></span> <span class='ocrx_word' id='word_1_44' title='bbox 1102 1198 1280 1294; x_wconf 79' lang='lat' dir='ltr'><strong>Littrius(</strong></span> <span class='ocrx_word' id='word_1_45' title='bbox 1304 1194 1317 1290; x_wconf 88' lang='lat'><em>)</em></span> 
     </span>
     <span class='ocr_line' id='line_1_8' title="bbox 306 1313 1320 1416; baseline 0.002 -29"><span class='ocrx_word' id='word_1_46' title='bbox 306 1320 339 1388; x_wconf 91' lang='lat' dir='ltr'><strong>is</strong></span> <span class='ocrx_word' id='word_1_47' title='bbox 360 1319 427 1413; x_wconf 90' lang='lat' dir='ltr'><strong>qui</strong></span> <span class='ocrx_word' id='word_1_48' title='bbox 445 1317 611 1414; x_wconf 87' lang='lat' dir='ltr'><strong>alioquin</strong></span> <span class='ocrx_word' id='word_1_49' title='bbox 630 1313 888 1416; x_wconf 83' lang='lat' dir='ltr'><strong>epiglottidem</strong></span> <span class='ocrx_word' id='word_1_50' title='bbox 907 1317 966 1386; x_wconf 85' lang='lat' dir='ltr'><strong>vel</strong></span> <span class='ocrx_word' id='word_1_51' title='bbox 990 1318 1031 1388; x_wconf 90' lang='lat' dir='ltr'><strong>in</strong></span> <span class='ocrx_word' id='word_1_52' title='bbox 1050 1317 1124 1388; x_wconf 89' lang='lat' dir='ltr'><strong>illis</strong></span> <span class='ocrx_word' id='word_1_53' title='bbox 1143 1321 1215 1414; x_wconf 90' lang='lat' dir='ltr'><strong>qui</strong></span> <span class='ocrx_word' id='word_1_54' title='bbox 1238 1331 1320 1416; x_wconf 84' lang='lat' dir='ltr'><strong>post</strong></span> 
     </span>
    </p>
   </div>
   <div class='ocr_carea' id='block_1_2' title="bbox 307 1435 1409 1532">
    <p class='ocr_par' dir='ltr' id='par_1_3' title="bbox 307 1435 1409 1532">
     <span class='ocr_line' id='line_1_9' title="bbox 307 1435 1409 1532; baseline -0.001 -28"><span class='ocrx_word' id='word_1_55' title='bbox 307 1446 468 1504; x_wconf 88' lang='lat' dir='ltr'><strong>mortem</strong></span> <span class='ocrx_word' id='word_1_56' title='bbox 494 1436 690 1532; x_wconf 83' lang='lat' dir='ltr'><strong>inaquam</strong></span> <span class='ocrx_word' id='word_1_57' title='bbox 715 1435 1016 1532; x_wconf 84' lang='lat' dir='ltr'><strong>projicerentur,</strong></span> <span class='ocrx_word' id='word_1_58' title='bbox 1036 1460 1116 1506; x_wconf 92' lang='lat' dir='ltr'><strong>non</strong></span> <span class='ocrx_word' id='word_1_59' title='bbox 1136 1435 1261 1507; x_wconf 91' lang='lat' dir='ltr'><strong>modo</strong></span> <span class='ocrx_word' id='word_1_60' title='bbox 1284 1436 1319 1504; x_wconf 92' lang='lat' dir='ltr'><strong>in</strong></span> <span class='ocrx_word' id='word_1_61' title='bbox 1408 1455 1409 1528; x_wconf 41' lang='lat' dir='ltr'><strong>l</strong></span> 
     </span>
    </p>
   </div>
   <div class='ocr_carea' id='block_1_3' title="bbox 310 1551 1409 1654">
    <p class='ocr_par' dir='ltr' id='par_1_4' title="bbox 310 1551 1409 1654">
     <span class='ocr_line' id='line_1_10' title="bbox 310 1551 1409 1654; baseline -0.002 -30"><span class='ocrx_word' id='word_1_62' title='bbox 310 1551 513 1624; x_wconf 84' lang='lat' dir='ltr'><strong>submersis</strong></span> <span class='ocrx_word' id='word_1_63' title='bbox 532 1552 578 1623; x_wconf 88' lang='lat' dir='ltr'><strong>de</strong></span> <span class='ocrx_word' id='word_1_64' title='bbox 598 1551 737 1651; x_wconf 91' lang='lat' dir='ltr'><strong>quibus</strong></span> <span class='ocrx_word' id='word_1_65' title='bbox 756 1552 967 1649; x_wconf 89' lang='lat' dir='ltr'><strong>loquimur,</strong></span> <span class='ocrx_word' id='word_1_66' title='bbox 988 1551 1208 1650; x_wconf 86' lang='lat' dir='ltr'><strong>depressam</strong></span> <span class='ocrx_word' id='word_1_67' title='bbox 1231 1554 1320 1625; x_wconf 87' lang='lat' dir='ltr'><strong>exis·</strong></span> <span class='ocrx_word' id='word_1_68' title='bbox 1408 1575 1409 1654; x_wconf 53' lang='grc' dir='ltr'><strong>ι</strong></span> 
     </span>
    </p>
   </div>
   <div class='ocr_carea' id='block_1_4' title="bbox 255 1669 1325 2944">
    <p class='ocr_par' dir='ltr' id='par_1_5' title="bbox 255 1669 1325 2944">
     <span class='ocr_line' id='line_1_11' title="bbox 312 1669 1319 1773; baseline 0 -33"><span class='ocrx_word' id='word_1_69' title='bbox 312 1670 486 1758; x_wconf 87' lang='lat' dir='ltr'><strong>timaret,</strong></span> <span class='ocrx_word' id='word_1_70' title='bbox 510 1695 633 1773; x_wconf 89' lang='lat' dir='ltr'><strong>neque</strong></span> <span class='ocrx_word' id='word_1_71' title='bbox 654 1669 894 1758; x_wconf 85' lang='lat' dir='ltr'><strong>credibilem,</strong></span> <span class='ocrx_word' id='word_1_72' title='bbox 915 1693 1039 1766; x_wconf 86' lang='lat' dir='ltr'><strong>neque</strong></span> <span class='ocrx_word' id='word_1_73' title='bbox 1065 1669 1319 1742; x_wconf 78' lang='lat' dir='ltr'><strong>cohaerent&#39;em</strong></span> 
     </span>
     <span class='ocr_line' id='line_1_12' title="bbox 313 1788 1320 1886; baseline -0.002 -28"><span class='ocrx_word' id='word_1_74' title='bbox 313 1810 399 1858; x_wconf 91' lang='lat' dir='ltr'><strong>cum</strong></span> <span class='ocrx_word' id='word_1_75' title='bbox 419 1790 463 1860; x_wconf 92' lang='lat' dir='ltr'><strong>iis</strong></span> <span class='ocrx_word' id='word_1_76' title='bbox 480 1813 573 1886; x_wconf 90' lang='lat' dir='ltr'><strong>quas</strong></span> <span class='ocrx_word' id='word_1_77' title='bbox 594 1801 791 1885; x_wconf 89' lang='lat' dir='ltr'><strong>posuerat,</strong></span> <span class='ocrx_word' id='word_1_78' title='bbox 809 1812 889 1858; x_wconf 87' lang='lat' dir='ltr'><strong>rem</strong></span> <span class='ocrx_word' id='word_1_79' title='bbox 915 1788 1236 1876; x_wconf 88' lang='lat' dir='ltr'><strong>comminiscens;</strong></span> <span class='ocrx_word' id='word_1_80' title='bbox 1260 1789 1320 1885; x_wconf 94' lang='lat' dir='ltr'><strong>qui</strong></span> 
     </span>
     <span class='ocr_line' id='line_1_13' title="bbox 314 1902 1320 2005; baseline -0.003 -28"><span class='ocrx_word' id='word_1_81' title='bbox 314 1906 415 1978; x_wconf 91' lang='lat' dir='ltr'><strong>enim</strong></span> <span class='ocrx_word' id='word_1_82' title='bbox 441 1906 487 1990; x_wconf 82' lang='lat' dir='ltr'><strong>ad</strong></span> <span class='ocrx_word' id='word_1_83' title='bbox 512 1904 769 2005; x_wconf 79' lang='lat' dir='ltr'><strong>epiglottidem</strong></span> <span class='ocrx_word' id='word_1_84' title='bbox 795 1902 1081 2003; x_wconf 83' lang='lat' dir='ltr'><strong>deprimendam</strong></span> <span class='ocrx_word' id='word_1_85' title='bbox 1111 1919 1320 1978; x_wconf 87' lang='lat' dir='ltr'><strong>retrorsum</strong></span> 
     </span>
     <span class='ocr_line' id='line_1_14' title="bbox 309 2022 1321 2122; baseline -0.001 -29"><span class='ocrx_word' id='word_1_86' title='bbox 309 2023 485 2096; x_wconf 84' lang='lat' dir='ltr'><strong>‘attollere</strong></span> <span class='ocrx_word' id='word_1_87' title='bbox 504 2047 542 2095; x_wconf 92' lang='lat' dir='ltr'><strong>se</strong></span> <span class='ocrx_word' id='word_1_88' title='bbox 562 2023 689 2122; x_wconf 88' lang='lat' dir='ltr'><strong>lingua</strong></span> <span class='ocrx_word' id='word_1_89' title='bbox 716 2036 842 2120; x_wconf 89' lang='lat' dir='ltr'><strong>posset</strong></span> <span class='ocrx_word' id='word_1_90' title='bbox 859 2023 898 2093; x_wconf 93' lang='lat' dir='ltr'><strong>in</strong></span> <span class='ocrx_word' id='word_1_91' title='bbox 923 2022 1102 2110; x_wconf 84' lang='lat' dir='ltr'><strong>mortuis,</strong></span> <span class='ocrx_word' id='word_1_92' title='bbox 1127 2023 1256 2094; x_wconf 84' lang='lat' dir='ltr'><strong>autin</strong></span> <span class='ocrx_word' id='word_1_93' title='bbox 1279 2047 1321 2094; x_wconf 88' lang='lat' dir='ltr'><strong>eo</strong></span> 
     </span>
     <span class='ocr_line' id='line_1_15' title="bbox 316 2139 1320 2240; baseline 0 -30"><span class='ocrx_word' id='word_1_94' title='bbox 316 2141 442 2239; x_wconf 90' lang='lat' dir='ltr'><strong>positu</strong></span> <span class='ocrx_word' id='word_1_95' title='bbox 462 2141 620 2227; x_wconf 83' lang='lat' dir='ltr'><strong>servari,</strong></span> <span class='ocrx_word' id='word_1_96' title='bbox 648 2164 763 2240; x_wconf 88' lang='lat' dir='ltr'><strong>quam</strong></span> <span class='ocrx_word' id='word_1_97' title='bbox 783 2141 822 2209; x_wconf 90' lang='lat' dir='ltr'><strong>in</strong></span> <span class='ocrx_word' id='word_1_98' title='bbox 846 2139 1060 2211; x_wconf 87' lang='lat' dir='ltr'><strong>viventibus</strong></span> <span class='ocrx_word' id='word_1_99' title='bbox 1091 2139 1248 2214; x_wconf 87' lang='lat' dir='ltr'><strong>tandem</strong></span> <span class='ocrx_word' id='word_1_100' title='bbox 1271 2140 1320 2211; x_wconf 80' lang='lat' dir='ltr'><strong>la·</strong></span> 
     </span>
     <span class='ocr_line' id='line_1_16' title="bbox 300 2237 1320 2355; baseline 0 -29"><span class='ocrx_word' id='word_1_101' title='bbox 300 2237 418 2347; x_wconf 54' lang='lat' dir='ltr'><strong>xitari,</strong></span> <span class='ocrx_word' id='word_1_102' title='bbox 442 2274 479 2328; x_wconf 92' lang='lat' dir='ltr'><strong>et</strong></span> <span class='ocrx_word' id='word_1_103' title='bbox 497 2274 715 2329; x_wconf 84' lang='lat' dir='ltr'><strong>antrorsum</strong></span> <span class='ocrx_word' id='word_1_104' title='bbox 742 2257 879 2346; x_wconf 89' lang='lat' dir='ltr'><strong>relabi,</strong></span> <span class='ocrx_word' id='word_1_105' title='bbox 906 2271 1083 2355; x_wconf 87' lang='lat' dir='ltr'><strong>posuerat</strong></span> <span class='ocrx_word' id='word_1_106' title='bbox 1100 2257 1114 2325; x_wconf 71' lang='grc' dir='ltr'><em>Ρ</em></span> <span class='ocrx_word' id='word_1_107' title='bbox 1130 2261 1216 2328; x_wconf 88' lang='lat' dir='ltr'><strong>Huc</strong></span> <span class='ocrx_word' id='word_1_108' title='bbox 1232 2256 1320 2328; x_wconf 89' lang='lat' dir='ltr'><strong>illud</strong></span> 
     </span>
     <span class='ocr_line' id='line_1_17' title="bbox 255 2373 1320 2476; baseline -0.002 -30"><span class='ocrx_word' id='word_1_109' title='bbox 255 2453 257 2458; x_wconf 59' lang='grc'>,</span> <span class='ocrx_word' id='word_1_110' title='bbox 320 2375 485 2465; x_wconf 84' lang='lat' dir='ltr'><strong>accedit,</strong></span> <span class='ocrx_word' id='word_1_111' title='bbox 503 2377 670 2476; x_wconf 85' lang='lat' dir='ltr'><strong>linguam</strong></span> <span class='ocrx_word' id='word_1_112' title='bbox 687 2376 727 2443; x_wconf 90' lang='lat' dir='ltr'><strong>in</strong></span> <span class='ocrx_word' id='word_1_113' title='bbox 744 2373 919 2472; x_wconf 90' lang='lat' dir='ltr'><strong>porcellis</strong></span> <span class='ocrx_word' id='word_1_114' title='bbox 938 2373 1088 2461; x_wconf 83' lang='lat' dir='ltr'><strong>indicis,</strong></span> <span class='ocrx_word' id='word_1_115' title='bbox 1108 2375 1320 2471; x_wconf 86' lang='lat' dir='ltr'><strong>quorumin</strong></span> 
     </span>
     <span class='ocr_line' id='line_1_18' title="bbox 319 2491 1305 2592; baseline 0 -28"><span class='ocrx_word' id='word_1_116' title='bbox 319 2494 564 2592; x_wconf 90' lang='lat' dir='ltr'><strong>pulmonibus</strong></span> <span class='ocrx_word' id='word_1_117' title='bbox 584 2517 720 2591; x_wconf 89' lang='lat' dir='ltr'><strong>aquam</strong></span> <span class='ocrx_word' id='word_1_118' title='bbox 743 2516 822 2562; x_wconf 86' lang='lat' dir='ltr'><strong>non</strong></span> <span class='ocrx_word' id='word_1_119' title='bbox 849 2492 1034 2564; x_wconf 87' lang='lat' dir='ltr'><strong>invenisse</strong></span> <span class='ocrx_word' id='word_1_120' title='bbox 1058 2491 1123 2563; x_wconf 75' lang='lat' dir='ltr'><strong>me&#39;</strong></span> <span class='ocrx_word' id='word_1_121' title='bbox 1142 2491 1222 2564; x_wconf 84' lang='lat' dir='ltr'><strong>dixi</strong></span> <span class='ocrx_word' id='word_1_122' title='bbox 1239 2492 1305 2590; x_wconf 81' lang='lat'><strong>(3)</strong></span> 
     </span>
     <span class='ocr_line' id='line_1_19' title="bbox 321 2610 1323 2707; baseline -0.003 -25"><span class='ocrx_word' id='word_1_123' title='bbox 321 2610 525 2707; x_wconf 80' lang='lat' dir='ltr'><strong>oblongam</strong></span> <span class='ocrx_word' id='word_1_124' title='bbox 545 2610 699 2707; x_wconf 90' lang='lat' dir='ltr'><strong>quidem</strong></span> <span class='ocrx_word' id='word_1_125' title='bbox 717 2633 815 2698; x_wconf 75' lang='lat' dir='ltr'><strong>esse,</strong></span> <span class='ocrx_word' id='word_1_126' title='bbox 831 2634 984 2697; x_wconf 90' lang='lat' dir='ltr'><strong>verum,</strong></span> <span class='ocrx_word' id='word_1_127' title='bbox 1002 2610 1032 2680; x_wconf 89' lang='lat' dir='ltr'><strong>si</strong></span> <span class='ocrx_word' id='word_1_128' title='bbox 1048 2611 1213 2706; x_wconf 91' lang='lat' dir='ltr'><strong>primam</strong></span> <span class='ocrx_word' id='word_1_129' title='bbox 1234 2611 1323 2682; x_wconf 83' lang='lat' dir='ltr'><strong>exci-</strong></span> 
     </span>
     <span class='ocr_line' id='line_1_20' title="bbox 321 2725 1324 2834; baseline 0.005 -36"><span class='ocrx_word' id='word_1_130' title='bbox 321 2729 401 2834; x_wconf 63' lang='lat' dir='ltr'><strong>pias</strong></span> <span class='ocrx_word' id='word_1_131' title='bbox 418 2743 582 2826; x_wconf 89' lang='lat' dir='ltr'><strong>partem,</strong></span> <span class='ocrx_word' id='word_1_132' title='bbox 599 2725 699 2826; x_wconf 86' lang='lat' dir='ltr'><strong>affigi</strong></span> <span class='ocrx_word' id='word_1_133' title='bbox 715 2727 811 2798; x_wconf 87' lang='lat' dir='ltr'><strong>adeo</strong></span> <span class='ocrx_word' id='word_1_134' title='bbox 829 2725 910 2802; x_wconf 88' lang='lat' dir='ltr'><strong>basi</strong></span> <span class='ocrx_word' id='word_1_135' title='bbox 928 2727 1024 2815; x_wconf 88' lang='lat' dir='ltr'><strong>oris,</strong></span> <span class='ocrx_word' id='word_1_136' title='bbox 1039 2741 1082 2798; x_wconf 90' lang='lat' dir='ltr'><strong>ut</strong></span> <span class='ocrx_word' id='word_1_137' title='bbox 1098 2729 1272 2802; x_wconf 89' lang='lat' dir='ltr'><strong>attollere</strong></span> <span class='ocrx_word' id='word_1_138' title='bbox 1292 2753 1324 2802; x_wconf 88' lang='lat' dir='ltr'><strong>se</strong></span> 
     </span>
     <span class='ocr_line' id='line_1_21' title="bbox 322 2845 1325 2944; baseline 0.003 -28"><span class='ocrx_word' id='word_1_139' title='bbox 322 2860 535 2942; x_wconf 87' lang='lat' dir='ltr'><strong>nequeant,</strong></span> <span class='ocrx_word' id='word_1_140' title='bbox 552 2861 589 2918; x_wconf 89' lang='lat' dir='ltr'><strong>et</strong></span> <span class='ocrx_word' id='word_1_141' title='bbox 608 2845 890 2944; x_wconf 86' lang='lat' dir='ltr'><strong>epiglottidem,</strong></span> <span class='ocrx_word' id='word_1_142' title='bbox 910 2846 1141 2942; x_wconf 85' lang='lat' dir='ltr'><strong>caeteroquin</strong></span> <span class='ocrx_word' id='word_1_143' title='bbox 1173 2847 1225 2917; x_wconf 84' lang='lat' dir='ltr'><strong>ita</strong></span> <span class='ocrx_word' id='word_1_144' title='bbox 1248 2847 1325 2919; x_wconf 87' lang='lat' dir='ltr'><strong>bre-</strong></span> 
     </span>
    </p>
   </div>
   <div class='ocr_carea' id='block_1_5' title="bbox 322 2961 1406 3061">
    <p class='ocr_par' dir='ltr' id='par_1_6' title="bbox 322 2961 1406 3061">
     <span class='ocr_line' id='line_1_22' title="bbox 322 2961 1406 3061; baseline -0.005 -28"><span class='ocrx_word' id='word_1_145' title='bbox 322 2988 405 3036; x_wconf 89' lang='lat' dir='ltr'><strong>vem</strong></span> <span class='ocrx_word' id='word_1_146' title='bbox 415 3019 428 3053; x_wconf 91' lang='lat'><strong>,</strong></span> <span class='ocrx_word' id='word_1_147' title='bbox 445 2965 506 3034; x_wconf 81' lang='lat' dir='ltr'><strong>vix</strong></span> <span class='ocrx_word' id='word_1_148' title='bbox 521 2978 563 3036; x_wconf 90' lang='lat' dir='ltr'><strong>ut</strong></span> <span class='ocrx_word' id='word_1_149' title='bbox 581 2979 703 3035; x_wconf 86' lang='lat' dir='ltr'><strong>totum</strong></span> <span class='ocrx_word' id='word_1_150' title='bbox 717 2978 917 3060; x_wconf 83' lang='lat' dir='ltr'><strong>protegere</strong></span> <span class='ocrx_word' id='word_1_151' title='bbox 933 2963 1051 3060; x_wconf 91' lang='lat' dir='ltr'><strong>possit</strong></span> <span class='ocrx_word' id='word_1_152' title='bbox 1067 2961 1237 3061; x_wconf 88' lang='lat' dir='ltr'><strong>laryngis</strong></span> <span class='ocrx_word' id='word_1_153' title='bbox 1254 2964 1325 3035; x_wconf 82' lang='lat' dir='ltr'><strong>hia-</strong></span> <span class='ocrx_word' id='word_1_154' title='bbox 1405 3045 1406 3050; x_wconf 5' lang='grc' dir='ltr'>ἵ</span> 
     </span>
    </p>
   </div>
   <div class='ocr_carea' id='block_1_6' title="bbox 321 3079 1328 3537">
    <p class='ocr_par' dir='ltr' id='par_1_7' title="bbox 321 3079 1328 3537">
     <span class='ocr_line' id='line_1_23' title="bbox 321 3079 1328 3180; baseline -0.002 -28"><span class='ocrx_word' id='word_1_155' title='bbox 321 3095 428 3170; x_wconf 87' lang='lat' dir='ltr'><strong>tum,</strong></span> <span class='ocrx_word' id='word_1_156' title='bbox 448 3081 670 3180; x_wconf 86' lang='lat' dir='ltr'><strong>deprimere.</strong></span> <span class='ocrx_word' id='word_1_157' title='bbox 691 3081 823 3170; x_wconf 81' lang='lat' dir='ltr'><strong>Quid?</strong></span> <span class='ocrx_word' id='word_1_158' title='bbox 841 3079 948 3176; x_wconf 92' lang='lat' dir='ltr'><strong>quod</strong></span> <span class='ocrx_word' id='word_1_159' title='bbox 967 3081 1070 3151; x_wconf 88' lang='lat' dir='ltr'><strong>iuter</strong></span> <span class='ocrx_word' id='word_1_160' title='bbox 1087 3087 1328 3152; x_wconf 81' lang='lat' dir='ltr'><strong>communiter</strong></span> 
     </span>
     <span class='ocr_line' id='line_1_24' title="bbox 323 3199 1326 3275; baseline -0.003 0"><span class='ocrx_word' id='word_1_161' title='bbox 323 3209 406 3275; x_wconf 81' lang='lat' dir='ltr'><strong>visa</strong></span> <span class='ocrx_word' id='word_1_162' title='bbox 427 3217 465 3273; x_wconf 87' lang='lat' dir='ltr'><strong>et</strong></span> <span class='ocrx_word' id='word_1_163' title='bbox 481 3215 668 3272; x_wconf 84' lang='lat' dir='ltr'><strong>annotato</strong></span> <span class='ocrx_word' id='word_1_164' title='bbox 685 3201 732 3269; x_wconf 87' lang='lat' dir='ltr'><strong>in·</strong></span> <span class='ocrx_word' id='word_1_165' title='bbox 746 3199 990 3272; x_wconf 86' lang='lat' dir='ltr'><strong>cadaveribus</strong></span> <span class='ocrx_word' id='word_1_166' title='bbox 1013 3199 1326 3274; x_wconf 86' lang='lat' dir='ltr'><strong>submersoruma</strong></span> 
     </span>
     <span class='ocr_line' id='line_1_25' title="bbox 327 3318 1328 3417; baseline 0.001 -25"><span class='ocrx_word' id='word_1_167' title='bbox 327 3318 497 3392; x_wconf 84' lang='lat' dir='ltr'><strong>Charisio</strong></span> <span class='ocrx_word' id='word_1_168' title='bbox 508 3318 562 3416; x_wconf 72' lang='grc' dir='ltr'><strong>(Δ)</strong></span> <span class='ocrx_word' id='word_1_169' title='bbox 577 3318 734 3417; x_wconf 89' lang='lat' dir='ltr'><strong>ponitur</strong></span> <span class='ocrx_word' id='word_1_170' title='bbox 754 3318 884 3414; x_wconf 79' lang='lat' dir='ltr'><strong>lingua</strong></span> <span class='ocrx_word' id='word_1_171' title='bbox 900 3333 1071 3406; x_wconf 79' lang='lat' dir='ltr'><strong>exserta3</strong></span> <span class='ocrx_word' id='word_1_172' title='bbox 1091 3318 1264 3417; x_wconf 84' lang='lat' dir='ltr'><strong>linguam</strong></span> <span class='ocrx_word' id='word_1_173' title='bbox 1276 3345 1328 3392; x_wconf 87' lang='lat' dir='ltr'><strong>an·</strong></span> 
     </span>
     <span class='ocr_line' id='line_1_26' title="bbox 326 3434 1328 3537; baseline 0.003 -30"><span class='ocrx_word' id='word_1_174' title='bbox 326 3450 402 3508; x_wconf 90' lang='lat' dir='ltr'><strong>tem</strong></span> <span class='ocrx_word' id='word_1_175' title='bbox 415 3452 596 3510; x_wconf 83' lang='lat' dir='ltr'><strong>exsertam</strong></span> <span class='ocrx_word' id='word_1_176' title='bbox 610 3434 857 3534; x_wconf 84' lang='lat' dir='ltr'><strong>epiglottisob</strong></span> <span class='ocrx_word' id='word_1_177' title='bbox 869 3437 1139 3509; x_wconf 85' lang='lat' dir='ltr'><strong>connecteutia</strong></span> <span class='ocrx_word' id='word_1_178' title='bbox 1151 3437 1328 3537; x_wconf 83' lang='lat' dir='ltr'><strong>ligamen·</strong></span> 
     </span>
    </p>
   </div>
   <div class='ocr_carea' id='block_1_7' title="bbox 433 3835 972 4116">
    <p class='ocr_par' dir='ltr' id='par_1_8' title="bbox 433 3835 972 4116">
     <span class='ocr_line' id='line_1_27' title="bbox 434 3835 734 3908; baseline -0.017 -11"><span class='ocrx_word' id='word_1_179' title='bbox 434 3840 509 3897; x_wconf 88' lang='lat' dir='ltr'><strong>Hist.</strong></span> <span class='ocrx_word' id='word_1_180' title='bbox 525 3839 575 3895; x_wconf 85' lang='lat' dir='ltr'><strong>cit.</strong></span> <span class='ocrx_word' id='word_1_181' title='bbox 589 3835 627 3896; x_wconf 79' lang='lat' dir='ltr'><strong>sd</strong></span> <span class='ocrx_word' id='word_1_182' title='bbox 639 3857 668 3894; x_wconf 87' lang='lat' dir='ltr'><strong>n.</strong></span> <span class='ocrx_word' id='word_1_183' title='bbox 686 3839 734 3908; x_wconf 74' lang='lat'><strong>43.</strong></span> 
     </span>
     <span class='ocr_line' id='line_1_28' title="bbox 433 3942 562 4006; baseline -0.016 -8"><span class='ocrx_word' id='word_1_184' title='bbox 433 3942 471 3998; x_wconf 88' lang='lat' dir='ltr'><strong>N.</strong></span> <span class='ocrx_word' id='word_1_185' title='bbox 489 3946 534 4006; x_wconf 70' lang='lat'><strong>41.</strong></span> <span class='ocrx_word' id='word_1_186' title='bbox 559 3949 562 3958; x_wconf 89' lang='grc'><strong>“</strong></span> 
     </span>
     <span class='ocr_line' id='line_1_29' title="bbox 435 4038 972 4116; baseline -0.009 -18"><span class='ocrx_word' id='word_1_187' title='bbox 435 4046 450 4111; x_wconf 76' lang='lat' dir='ltr'>S</span> <span class='ocrx_word' id='word_1_188' title='bbox 465 4041 482 4097; x_wconf 87' lang='grc'><strong>8</strong></span> <span class='ocrx_word' id='word_1_189' title='bbox 497 4039 624 4116; x_wconf 88' lang='lat' dir='ltr'><strong>Specim.</strong></span> <span class='ocrx_word' id='word_1_190' title='bbox 640 4038 690 4095; x_wconf 86' lang='lat' dir='ltr'><strong>cit.</strong></span> <span class='ocrx_word' id='word_1_191' title='bbox 705 4056 811 4114; x_wconf 82' lang='lat' dir='ltr'><strong>supra,</strong></span> <span class='ocrx_word' id='word_1_192' title='bbox 827 4038 867 4094; x_wconf 85' lang='lat' dir='ltr'><strong>ad</strong></span> <span class='ocrx_word' id='word_1_193' title='bbox 878 4057 909 4096; x_wconf 87' lang='lat' dir='ltr'><strong>n.</strong></span> <span class='ocrx_word' id='word_1_194' title='bbox 923 4038 972 4106; x_wconf 73' lang='lat'><strong>43.</strong></span> 
     </span>
    </p>
   </div>
   <div class='ocr_carea' id='block_1_8' title="bbox 0 0 1445 4662">
    <p class='ocr_par' dir='ltr' id='par_1_9' title="bbox 0 0 1445 4662">
     <span class='ocr_line' id='line_1_30' title="bbox 0 0 1445 4662; baseline 0 0"><span class='ocrx_word' id='word_1_195' title='bbox 0 0 1445 4662; x_wconf 95' lang='lat' dir='ltr'><strong> </strong></span> 
     </span>
    </p>
   </div>
  </div>
 </body>
</html>
