2832 4662
303 415 371 492 582
463 437 511 486 nu
536 431 682 486 seomus
706 433 751 484 ar
775 435 898 485 causis
924 435 1133 487 uoamumr

300 575 385 651 quae
394 548 500 624 facile
512 551 656 647 jecora
673 549 788 622 latere
797 551 915 648 magis
924 551 965 622 iu
979 523 1124 628 aretium
1143 553 1282 651 compel-

300 668 413 744 lebat
425 667 537 740 'Unde
558 667 668 741 etiam
686 683 832 766 repetes
843 665 1037 742 difficilem
1053 671 1095 740 in
1111 669 1281 743 dextemm

304 788 402 862 latus
414 783 651 874 decubitum
665 786 705 856 in
717 786 907 858 sinistrum
920 787 1021 858 euim
1042 809 1123 868 esse
1131 787 1282 860 debuisse

302 905 498 1003 intelligis,
525 929 547 976 a
567 904 749 1004 pulmone
767 905 931 1002 oppositi
953 903 1078 992 lateris
1095 905 1211 1005 gravi,
1225 919 1283 976 eta

303 1037 408 1102 tanta
426 1021 595 1094 indidem
612 1023 685 1094 seri
703 1025 830 1121 copia,
855 1021 1121 1094 mediastinum
1139 1024 1177 1094 in
1198 1023 1285 1094 siuis-

301 1157 398 1215 tram
417 1139 583 1213 thoracis
604 1161 752 1214 caream
770 1139 1011 1239 urgentibus,
1033 1143 1162 1242 sitque
1178 1140 1285 1226 alteri,

303 1283 384 1358 quo
400 1281 479 1330 uno
496 1281 594 1355 aeger
611 1255 790 1355 spirabat,
808 1256 981 1357 pulmoni
998 1275 1106 1332 tanto
1119 1249 1231 1358 ¹tnagis
1242 1253 1285 1328 ol·

301 1373 535 1462 finientibus,
548 1389 691 1472 quanto
700 1375 732 1447 is
743 1374 876 1474 pulmo
891 1378 1008 1475 magis
1018 1377 1218 1476 impeditus
1226 1377 1285 1472 jan

304 1508 472 1591 exparte
490 1506 571 1565 erat
584 1493 662 1565 sive
680 1491 732 1564 ob
748 1517 873 1566 serum
889 1492 928 1566 in
948 1513 1053 1567 suam
1075 1517 1222 1594 quoque
1239 1517 1285 1564 ca·

304 1633 412 1683 veam
432 1607 612 1700 effusum,
627 1613 703 1682 sive
722 1610 772 1682 ob
791 1609 1024 1709 adjacentem
1040 1614 1211 1712 proximo
1233 1608 1286 1684 sibi

306 1725 696 1828 diaphragmatilienis
710 1729 862 1800 molem.
876 1734 961 1802 Haec
973 1745 1101 1802 autem
1112 1745 1287 1827 atempore

305 1869 427 1944 usque
454 1867 740 1944 praegressarum
764 1843 924 1918 febrium
948 1845 1209 1920 diuturnamm
1226 1869 1286 1916 non

309 1987 416 2038 secus
429 1965 470 2035 in
484 1963 559 2034 hoc
578 1963 716 2036 clerico
737 1963 886 2037 videtur
902 1964 1036 2055 fuisse,
1059 1991 1175 2064 quam
1190 1966 1224 2034 in
1237 1961 1287 2033 illo

309 2080 488 2153 rhedario
510 2079 596 2171 luit,
612 2080 659 2153 de
679 2105 758 2179 quo
774 2081 914 2154 dictum
940 2083 1047 2155 initio
1060 2083 1287 2181 est(1).1ium

308 2219 400 2269 vero
424 2213 462 2269 et
484 2201 705 2296 priusquam
722 2195 836 2273 febris
852 2199 931 2274 haec
946 2199 1227 2274 inflammatoris
1241 2221 1288 2269 ac·

309 2313 477 2403 cederet,
504 2337 629 2388 serum
651 2317 690 2386 in
707 2317 833 2388 clerici
849 2317 1002 2391 thorace
1020 2319 1216 2392 collectum
1229 2313 1289 2387 sue·

310 2431 379 2520 rit,
392 2432 645 2530 suspicionem
656 2431 887 2505 haudlevem
897 2457 940 2505 ea
957 2431 1102 2507 fuciunt
1112 2437 1291 2535 signaque

311 2550 541 2645 processisse
577 2535 824 2623 narravimus.
849 2552 940 2640 Quae
971 2553 1138 2650 suspicio
1167 2572 1244 2624 cum
1260 2549 1289 2619 iu

312 2660 459 2734 duabus
476 2679 630 2761 quoque
645 2665 827 2755 historiis,
840 2679 934 2764 quas
949 2670 1134 2742 continuo
1147 2668 1290 2765 subjicie-

311 2799 414 2867 mus,
428 2781 592 2869 oriatur3
614 2781 981 2879 posteas‘malumus
995 2785 1091 2885 quid
1108 2789 1147 2859 iu
1163 2783 1291 2884 siugulis

310 2896 444 2970 dehoc
463 2899 684 2988 sentiamus,
703 2900 873 2997 adjicere.

361 3015 417 3090 32.
436 3017 552 3116 Virgo
577 3039 765 3090 annorum
789 3019 996 3110 sexdecim,
1025 3024 1089 3094 cui
1118 3034 1291 3094 meamne

312 3127 554 3233 purgationes
586 3134 633 3206 ab
664 3150 750 3206 octo
775 3138 853 3232 jam
885 3137 1081 3212 mensibus
1110 3151 1289 3238 suppresse

314 3267 439 3342 erant,
476 3251 686 3324 cachectica
713 3281 722 3323 :
750 3254 996 3328 catarrhalem
1024 3258 1213 3329 materiam
1241 3271 1288 3321 ex·

313 3389 470 3468 spuens,
488 3367 710 3440 nonnullam
726 3372 871 3468 patiens
887 3372 1044 3446 inmotu
1053 3372 1288 3446 difficultatem
1379 3347 1380 3398 ³

312 3485 587 3581 respirationis,
604 3486 712 3583 queri
726 3485 834 3560 solita
849 3487 897 3586 de
911 3489 1076 3586 quodam
1093 3489 1237 3575 ardore,
1248 3495 1288 3554 at·

312 3621 388 3698 que
401 3601 607 3674 irritatione
621 3603 661 3674 in
677 3603 825 3676 sinistra
842 3605 1007 3680 thoracis
1018 3623 1143 3706 parte,
1155 3614 1288 3704 repente
1379 3669 1380 3680 ,

353 3974 397 4052 (¹)
417 3979 455 4035 N.
473 3993 500 4034 ²·
