2842 4672
248 377 296 464 do
416 393 462 440 nr
488 387 634 440 sumnus
660 389 703 436 rr
729 386 852 436 causis
879 381 1091 458 nonnosum

144 511 145 516 ’
248 509 388 582 dicium
403 505 590 578 deducere
607 529 765 576 conarer
776 502 875 574 bene
889 526 927 573 se
943 500 1119 572 habentis
1129 502 1268 572 retina?

248 629 403 715 tunicae,
430 649 512 723 quae
540 623 672 693 notitia
697 623 736 691 in
757 621 937 717 maxima,
966 643 1081 720 quam
1101 617 1262 692 suffusio

250 761 314 815 aut
332 740 497 813 occlusio
517 739 667 838 pupillae
684 737 813 828 saciat,
829 739 1010 826 caecitate,
1028 752 1072 808 ut
1087 751 1174 807 ante
1193 761 1264 808 cu-

247 862 436 932 rationem
455 857 662 928 necessaria
690 871 763 944 est,
781 856 833 928 sic
852 852 1008 926 fortasse
1032 845 1174 950 absque
1192 853 1261 924 illo

248 979 507 1077 experimento
528 976 614 1048 satis
633 973 862 1046 haberinon
882 989 1028 1073 potest3
1055 996 1130 1070 qua
1151 971 1199 1045 de
1219 995 1260 1041 re
1303 1019 1305 1022 .
1408 1019 1409 1026 κ

248 1119 491 1192 summopere
508 1109 695 1192 optassem
710 1092 895 1188 judicium
914 1090 1039 1188 legere
1061 1090 1132 1159 viri
1150 1111 1261 1186 praes-

249 1214 448 1286 tantissimi
466 1213 618 1310 Georgii
635 1211 792 1308 Augusti
813 1201 1031 1308 Langguth‚
1049 1233 1135 1279 cum
1159 1207 1199 1276 in
1220 1232 1263 1278 ea

251 1331 512 1404 dissertatione
536 1327 590 1425 (r)
613 1353 727 1424 quam
747 1327 794 1398 de
812 1328 942 1398 eadem
963 1326 1048 1396 luce
1072 1325 1265 1422 conscrip-

159 1482 161 1487 ·
251 1453 317 1539 sit,
334 1474 417 1518 mea
437 1441 666 1520 caeteramo'n
684 1444 800 1516 modo
820 1445 1100 1516 humanissimis
1115 1441 1264 1530 verbiS,

253 1566 318 1645 sed
336 1582 373 1637 et
387 1568 461 1636 suis
472 1569 481 1633 i
486 1591 551 1663 pse
567 1565 834 1662 experimentis
849 1562 1164 1661 comprobaverit.
1181 1567 1267 1631 Haec

255 1686 357 1757 enim
377 1709 459 1780 quae
481 1673 634 1779 utrique
652 1696 826 1755 nostrum
846 1680 893 1752 ad
911 1681 1087 1753 eumdem
1109 1678 1266 1750 modum

253 1799 734 1900 responderunt‚illudque
744 1801 784 1870 in
794 1801 927 1899 primis
935 1799 1039 1897 quod
1050 1825 1136 1872 cum
1145 1801 1269 1871 amico

255 1915 392 1992 iter'a're
410 1921 548 2010 voluit,
567 1920 687 1992 sinon
705 1919 931 2018 generatim,
949 1918 1014 1990 sed
1028 1918 1271 2017 peculiariter

257 2038 478 2138 explicanda
489 2039 844 2135 susceperis3utrius
855 2037 1046 2108 sententiae
1056 2038 1173 2134 magis
1184 2063 1272 2109 con·
1328 2083 1330 2089 ,

256 2173 396 2256 gruunt
406 2183 505 2247 ,non
519 2155 672 2228 difficile
683 2156 880 2254 intelliges.
896 2156 983 2245 Quo
993 2170 1118 2226 tamen
1128 2159 1273 2254 pariter

255 2275 319 2346 hic
337 2291 450 2372 atque
465 2277 505 2345 in
525 2273 757 2345 Adversariis
777 2275 961 2372 seposito,
981 2274 1012 2345 si
1031 2275 1273 2372 experimen-

255 2379 338 2464 tum
362 2391 487 2464 solum
510 2390 733 2479 attenderis,
761 2389 868 2462 facile
892 2391 939 2464 ab
955 2391 1147 2464 omnibus
1169 2393 1209 2462 in
1232 2417 1272 2464 se

257 2508 509 2606 capiendum3
526 2533 605 2578 non
623 2507 774 2597 dubito,
792 2509 885 2607 quin
906 2510 1023 2607 siquis
1044 2508 1114 2580 tibi
1134 2534 1273 2580 curau-

259 2627 331 2697 dus
348 2626 395 2697 ab
423 2641 510 2696 ortu
539 2629 656 2697 caecirs
686 2644 861 2698 occurrat
890 2642 954 2699 aut
979 2625 1029 2698 ob
1055 2628 1273 2724 congenitas

259 2742 504 2834 suffusiones,
521 2759 584 2814 aut
604 2743 901 2845 obpupillarum
921 2745 1190 2844 privationem
1209 2769 1274 2818 ve·

257 2864 305 2934 lis
332 2878 438 2933 antea
460 2888 579 2959 ecqua
601 2887 684 2960 spes
705 2864 751 2936 sit
770 2863 991 2953 curationis,
1015 2863 1274 2961 experimento

167 3003 168 3006 ’
257 2995 439 3080 prompto
457 2980 571 3070 adeo,
595 2983 826 3079 innoxioque
842 2981 1037 3079 explorare
1056 3006 1064 3050 ε
1083 2981 1155 3052 nisi
1175 2977 1271 3052 forte

259 3099 410 3188 credas,
428 3100 469 3169 in
488 3099 674 3194 ejusmodi
686 3100 823 3188 oculis,
835 3101 1005 3197 quamvis
1020 3089 1108 3172 sana
1120 3099 1193 3170 sint
1206 3124 1271 3199 op-

222 3205 226 3214 ’
257 3216 355 3290 ticus
374 3242 513 3290 nervus
539 3233 575 3289 et
594 3220 734 3306 retina,
758 3217 906 3334 'nullum
931 3218 1163 3316 opressione
1184 3243 1276 3291 sene

259 3358 344 3406 sum
366 3336 462 3406 lucis
485 3338 654 3423 excitari,
678 3336 766 3440 quia
797 3350 947 3408 curatos
963 3334 1060 3407 forte
1084 3334 1271 3409 audiveris

258 3475 417 3550 negasse
436 3452 507 3523 sibi
525 3467 636 3553 antea
652 3452 774 3524 ideam
794 3452 889 3526 lucis
910 3453 1025 3525 ullam
1044 3454 1168 3541 fuisse,
1183 3479 1269 3526 cum

259 3582 387 3642 tamen
406 3571 468 3641 vix
482 3567 566 3643 fieri
585 3571 721 3668 possit,
735 3585 779 3642 ut
798 3573 899 3643 oculi
913 3571 972 3644 vel
986 3571 1112 3642 invitis
1131 3573 1270 3668 pressi,
1357 3606 1360 3616 =

298 3926 342 4004 (1)
363 3925 407 3986 De
423 3930 503 3986 Luce
515 3945 551 3985 ex
564 3926 717 4005 pressione
735 3926 827 3986 oculi.
860 4001 864 4008 .
