2750 4658
284 423 355 526 276
448 448 494 497 nr
520 443 666 496 srnnus
691 443 735 492 rr
760 443 884 494 carrus
909 447 1121 500 noanonun

282 563 350 651 sis,
369 576 434 634 aut
454 561 495 630 in
516 583 620 656 aquae
643 558 678 630 ei
696 555 930 630 circumfusae
954 562 1161 634 acrimonia
1185 589 1275 662 qua-

281 676 399 751 renda
421 689 485 748 est.
507 677 602 746 Nam
623 675 663 744 in
684 672 839 746 thorace
859 700 1016 773 quoque
1032 694 1070 751 et
1091 679 1274 776 picurum,

280 811 318 870 et
346 792 471 866 cordis
494 815 718 862 mucronem
744 791 874 864 eadem
905 796 1011 890 quasi
1033 794 1274 870 inflammasse

279 911 400 984 videri
411 923 545 1010 potest.
559 906 682 998 Quid,
695 909 725 978 si
739 933 824 1007 pars
835 909 936 983 illius
950 935 996 986 ex
1008 915 1125 984 cranii
1142 939 1232 987 cavo
1241 915 1273 984 in

280 1029 395 1127 spinae
424 1025 559 1098 tubum
595 1022 768 1120 delapsa,
793 1039 870 1096 tam
895 1025 1074 1103 acerbum
1099 1029 1209 1102 illum
1235 1028 1275 1102 ad

277 1143 430 1218 lumbos
447 1141 619 1214 dolorem
637 1138 825 1214 faciebat?
841 1142 937 1216 nihil
954 1146 1058 1217 enim
1077 1147 1274 1244 proclivius
1357 1151 1358 1154 ’

278 1276 356 1350 est,
374 1283 487 1358 quam
503 1258 570 1330 ubi
585 1282 722 1355 aquam
738 1261 778 1330 in
791 1260 919 1357 plures
932 1259 1088 1335 effusam
1110 1243 1272 1362 ¹corporis

278 1402 408 1452 caveas
419 1376 613 1465 videmus,
632 1377 722 1447 etin
737 1377 826 1449 alias
842 1378 986 1476 aliquas
996 1378 1154 1454 effusam
1168 1382 1274 1478 conji·
1358 1453 1359 1468 ,

273 1520 373 1570 cere.
404 1494 448 1566 Id
474 1518 564 1566 vcro
592 1491 698 1578 dico,
717 1517 765 1565 ne
789 1490 885 1566 forte
913 1495 1044 1570 credas
1062 1523 1151 1570 eum
1176 1499 1272 1572 dolo·
1358 1477 1359 1546 Ῐ

276 1637 359 1686 rem
375 1613 426 1688 ita
443 1634 523 1684 esse
539 1607 789 1709 repetendum
801 1609 849 1682 ab
863 1610 1036 1711 hydrope
1054 1615 1270 1714 pericardii,

272 1745 321 1802 ut
341 1753 429 1802 cum
450 1727 560 1798 aliam
581 1741 718 1827 praeter
735 1725 838 1798 hunc
861 1727 1002 1802 habere
1026 1755 1178 1804 causam
1202 1757 1272 1804 non

275 1861 428 1948 posset,
445 1847 543 1918 inter
563 1843 766 1942 peculiaria
787 1845 834 1918 sit
841 1847 929 1942 ejus
943 1846 1069 1919 morbi
1085 1850 1192 1948 signa
1208 1848 1273 1922 for·

276 1981 372 2038 tasse
390 1961 667 2050 numerandus,
680 1963 885 2060 praesertim
898 1989 984 2038 cum
996 1966 1036 2036 in
1048 1966 1112 2038 illa
1124 1991 1271 2068 quoque

277 2080 415 2155 femina
427 2080 474 2153 de
492 2104 565 2178 qua
577 2080 778 2152 novissime
799 2079 942 2156 dictum
965 2098 1020 2156 est
1035 2083 1112 2182 (ι),
1129 2086 1271 2168 lumbo·

275 2226 361 2274 rum
378 2198 489 2271 dolor
507 2196 726 2284 accesserit,
745 2211 783 2268 et
795 2204 1031 2294 gravissimus
1038 2199 1154 2274 fuerit
1169 2205 1210 2278 in
1218 2204 1270 2300 ju·

276 2342 392 2403 rene,
409 2316 517 2411 cujus
528 2313 701 2402 historia,
713 2337 735 2384 a
746 2313 866 2387 Blasio
879 2315 1086 2416 descripta,
1098 2320 1140 2389 in
1152 2319 1272 2419 Sepul-

276 2433 450 2508 chretum
462 2429 517 2528 (a)
531 2429 646 2502 relata
662 2443 727 2502 est.
752 2433 912 2530 Utrique
925 2449 1044 2524 certe,
1055 2450 1092 2508 et
1103 2436 1196 2510 huic
1215 2463 1271 2537 po-

274 2551 460 2623 tissimum
481 2547 612 2643 juveni
635 2547 666 2618 is
689 2545 860 2648 hydrops
882 2547 971 2640 fuit3
999 2555 1125 2626 neutri
1149 2571 1269 2628 tamen

276 2667 347 2739 alia
359 2664 537 2752 deerant,
553 2664 593 2735 in
611 2687 694 2760 quae
709 2664 772 2738 ille
785 2665 896 2738 dolor
911 2669 1019 2764 rejici
1037 2689 1177 2769 posset.
1194 2677 1270 2772 Ipse

272 2799 400 2856 autern
416 2780 584 2854 Valsalva
596 2782 636 2852 in
651 2806 697 2853 eo
710 2780 757 2854 de
769 2805 847 2881 quo
860 2784 1070 2884 loquimur,
1081 2791 1182 2882 viro,
1198 2815 1270 2864 non
1357 2775 1358 2798 ³

274 2899 524 3002 pericardium
534 2896 704 2988 definite,
722 2899 788 2974 scd
800 2904 1006 2998 generatim
1017 2906 1185 3004 aliquam
1196 2909 1270 2980 tho
1357 2901 1358 2906 ἵ

274 3020 369 3092 racis
379 3015 481 3088 affici
493 3031 637 3114 partem
654 3041 699 3088 ex
715 3015 848 3090 dolore
859 3019 925 3091 illo
938 3023 1198 3118 conjecturam
1211 3025 1269 3098 du·

274 3136 392 3211 nebat.
407 3136 507 3226 Quin
525 3131 635 3222 facile
643 3135 857 3208 meminisse
874 3153 982 3235 potes
993 3139 1098 3237 quod
1116 3141 1206 3214 alias
1218 3141 1267 3240 (3)

271 3252 320 3326 ad
340 3268 376 3325 te
397 3252 549 3349 scripsi,
569 3265 613 3321 ut
628 3250 765 3324 soleret
785 3253 985 3326 molestum
1003 3281 1156 3330 sensum
1176 3264 1269 3333 eirca

272 3393 353 3442 eam
369 3369 483 3464 spinae
495 3367 621 3440 sedem
637 3366 685 3438 ab
700 3366 841 3442 affectis
853 3371 1122 3470 appendicibus
1134 3376 1267 3473 pressi,

272 3500 337 3560 aut
356 3485 491 3556 irritati
511 3486 607 3582 septi
627 3488 827 3559 transversi
843 3487 1030 3562 deducere
1051 3491 1103 3563 sic
1121 3506 1266 3582 tamen,

307 3767 352 3848 (ι)
372 3769 411 3824 N.
427 3767 474 3824 38.

309 3865 353 3944 (a)
373 3869 406 3922 L.
423 3883 457 3936 a,
472 3885 496 3921 s.
511 3884 543 3937 ι,
559 3866 623 3922 obs.
640 3866 687 3926 60.

305 3964 351 4046 (3)
370 3965 464 4042 Epist.
480 3983 532 4041 10,
547 3983 578 4024 n.
596 3984 642 4028 ra.
691 3999 698 4014 ·
