2812 4660
250 395 321 470 326
405 417 462 464 oa
488 413 634 490 saumas
659 415 703 461 ar
728 411 853 462 causis
876 375 1087 463 uoaaoanre

249 531 395 604 moidcs
405 545 542 616 autem,
552 554 634 625 quae
646 527 881 626 pulmonaris
898 530 1040 600 arteriae
1051 531 1150 602 ostio
1163 554 1272 628 praes·

251 651 452 738 ficiuntur,
472 647 517 718 ad
538 646 657 717 basim
673 629 954 744 quidemcrant
971 647 1181 718 secundum
1193 673 1254 721 na·

249 786 393 856 turam,
408 765 473 838 sed
481 780 592 863 parte
609 764 802 862 superiore
817 749 1061 862 cartilaginea
1076 765 1269 836 videban»

251 903 335 976 tur,
362 885 454 983 quin
485 885 661 979 exiguum
690 882 782 953 ossis
809 879 1012 953 frustulum
1036 883 1114 978 jam
1141 883 1260 955 habe-

252 1004 361 1076 bant:
385 1016 567 1096 erantque
582 1025 623 1069 ea
641 1016 745 1096 parte
765 1001 820 1074 sic.
834 1000 932 1070 inter
947 1024 984 1070 se
996 1001 1200 1098 colligatae,
1217 1015 1259 1072 ut

252 1122 315 1194 vix
333 1119 501 1192 foramen
520 1116 795 1214 relinquerent,
817 1116 916 1188 lente
930 1143 1010 1188 non
1031 1118 1173 1214 majus,
1193 1143 1260 1217 per

254 1237 360 1337 quod
380 1237 529 1333 sanguis
549 1237 674 1306 exiret.
697 1240 810 1306 Erant
829 1252 953 1308 autem
976 1235 1023 1307 ad
1044 1236 1140 1308 illud
1162 1236 1259 1308 fora-

253 1381 343 1427 men
361 1354 531 1451 quaedam
551 1355 691 1450 exiguae
707 1352 978 1450 productiones
1001 1379 1259 1428 carneomem·

253 1474 441 1560 branosae,
461 1497 503 1543 ea
518 1473 662 1543 ratione
682 1471 887 1561 collocatae,
900 1488 940 1543 ut
956 1471 1193 1544 valvularum
1211 1474 1260 1543 ui·

257 1616 318 1664 ces
336 1591 512 1689 supplere
525 1605 696 1688 possent,
714 1589 921 1687 egredienti
936 1591 1110 1689 sanguini
1125 1591 1261 1664 ceden-

256 1710 322 1798 do,
340 1687 557 1806 regressuro
576 1723 700 1780 autem
718 1707 915 1780 obstando.

312 1827 364 1899 13.
392 1827 485 1897 Huic
503 1827 611 1896 etiam
634 1827 769 1922 virgini
785 1826 862 1921 jam
881 1824 969 1896 inde
984 1823 1031 1894 ab
1048 1825 1159 1897 initio
1178 1824 1262 1898 fuis·

260 1971 297 2018 se
323 1944 590 2016 inchoamenta
613 1943 836 2040 crediderim
856 1968 936 2038 epus
956 1943 1035 2013 vitii
1057 1943 1104 2014 ad
1125 1945 1263 2016 ostium

259 2065 400 2137 arteriae
419 2063 672 2160 pulmonaris,
688 2063 748 2132 cui
766 2063 875 2150 vitio,
894 2063 1030 2133 sensim
1050 2063 1169 2158 magis
1187 2087 1264 2133 ma·

258 2184 388 2280 gisque
402 2181 578 2270 adaucte,
594 2180 720 2250 omnia
738 2205 818 2276 qnae
837 2180 965 2266 vivens
978 2178 1213 2278 patiebatur,
1230 2193 1265 2250 et

259 2301 399 2398 quaein
425 2313 572 2368 mortua
598 2296 831 2395 deprehensa
852 2312 956 2386 sunt,
980 2311 1133 2399 accepta
1159 2296 1264 2368 facile

260 2418 335 2489 sint
358 2414 564 2486 referenda.
586 2413 734 2486 Scilicet
752 2415 877 2486 minus
901 2414 1095 2512 expeditus
1114 2415 1265 2512 sangui·

260 2537 319 2605 nis
344 2535 478 2603 ineam
496 2533 670 2603 arteriam
688 2535 876 2630 ingressus
895 2533 985 2604 hinc
1002 2530 1209 2626 efficiebat,
1226 2546 1266 2605 ut

260 2674 369 2747 aequo
396 2651 521 2720 minor
539 2650 639 2721 illius
664 2653 771 2748 copia
791 2677 861 2750 per
880 2652 1049 2724 eamdem
1069 2654 1265 2740 arteriam,

261 2769 477 2863 sociamque
496 2793 629 2838 venam
648 2768 695 2838 ad
708 2771 914 2842 auriculam
931 2771 1140 2857 sinistram,
1160 2772 1265 2842 sinis·

261 2903 438 2983 trumqne
461 2888 732 2974 ventriculum,
764 2913 808 2959 ex
835 2888 909 2959 hoc
937 2903 1062 2960 autem
1084 2889 1125 2958 in
1154 2913 1264 2959 omne

264 3030 402 3102 corpus
428 3007 655 3092 mitteretur3
675 3005 780 3101 iude·
798 3030 910 3095 ver0,
940 3021 981 3076 ut
1008 3031 1117 3103 aequo
1145 3005 1266 3101 major

263 3125 454 3221 sanguinis
474 3125 581 3221 copia
600 3125 639 3193 in
662 3123 817 3194 dextero
843 3124 1069 3213 ventricu10,
1094 3123 1265 3196 dextera-

263 3267 337 3340 que
364 3242 529 3312 auricula
546 3257 592 3312 et
611 3242 715 3312 venis
734 3240 913 3313 omnibus
931 3242 1125 3313 restitaret.
1156 3240 1265 3313 Unde

261 3361 379 3430 totins
391 3360 486 3429 entis
499 3359 605 3428 color
618 3359 723 3454 quasi
740 3357 894 3448 lividus,
910 3375 946 3431 et
965 3359 1109 3430 dexteri
1126 3360 1266 3430 ventri·

264 3475 356 3562 cnli,
381 3474 615 3571 dexteraeque
645 3475 820 3545 auriculae
843 3476 1028 3560 dilatati0,
1052 3491 1088 3546 et
1112 3473 1265 3546 forami·

176 3595 179 3600 ’
263 3595 322 3663 nis
337 3593 452 3664 ovalis
468 3608 636 3690 perstans
647 3591 780 3678 hiatuS,
796 3595 936 3691 qnippe
954 3593 1062 3687 cujus
1078 3593 1265 3664 valvulam

262 3710 405 3782 multus
436 3711 585 3810 sanguis
610 3734 630 3778 a
661 3708 799 3781 dextris
826 3712 1062 3784 sinitrorsum
1091 3725 1264 3808 urgeret,

263 3843 406 3925 paucus
421 3843 544 3898 autem
564 3851 583 3896 a
606 3827 762 3899 sinistris
775 3827 989 3926 repelleret,
1014 3828 1061 3898 ad
1081 3852 1264 3926 oramque

263 3943 456 4018 foraminis
478 3945 692 4044 applicaret.
725 3948 930 4040 Contrariis
954 3972 1048 4020 vero
1071 3946 1117 4018 de
1147 3946 1265 4019 causis
