2842 4672
781 265 791 301 Ι

244 441 313 488 mr.
342 441 367 486 1.
395 439 441 486 nn
467 429 922 500 rrorrrscrrrrts,rr1sr.
949 441 1029 487 xm.
1089 421 1136 519 67

86 622 89 635 ,
123 554 203 650 jam
213 567 326 626 natus
342 553 489 631 circiter
501 549 838 648 duodeoctoginta,
848 553 927 627 sine
942 557 1154 653 conspicil·‚

127 671 172 743 lis
186 695 295 768 aeque
309 661 587 768 propemodum
597 669 743 740 videam
759 694 801 740 ac
810 669 984 742 videbam
1001 687 1086 746 ante
1098 677 1140 748 il·

127 788 203 862 lam
218 787 564 866 inflammationem.
575 789 698 878 Quam
709 784 842 860 siforte
856 790 990 884 quaeris
1000 816 1074 887 qua
1086 818 1139 866 ra·

127 907 234 978 tione
248 906 454 984 diutissime
467 905 653 984 arcuerim
667 907 707 978 in
720 919 822 976 tanta
833 958 842 993 ,
853 919 974 985 ettam
992 909 1140 992 assidua

126 1023 330 1096 oculorum
345 1024 510 1098 interdiu
525 1038 562 1096 et
575 1038 691 1096 noctu
701 1024 962 1112 contentione;
977 1027 1138 1108 nonalia

125 1139 272 1230 dicam,
286 1166 399 1238 quam
410 1139 532 1228 faciei,
542 1155 579 1212 et
589 1140 855 1240 palpebrarum
865 1140 1009 1227 lotione
1021 1133 1139 1220 matu-

125 1258 225 1346 tina,
243 1256 352 1330 abeo
370 1271 540 1357 tempore
558 1259 610 1330 sic
626 1259 815 1346 instituta,
834 1273 876 1328 ut
897 1282 976 1330 non
994 1274 1136 1336 temere

126 1375 302 1471 quamvis
319 1399 416 1472 aqua
429 1389 573 1464 uterer,
591 1375 658 1448 sed
672 1401 715 1448 ea
732 1375 911 1449 duntaxat
924 1401 1007 1476 quae
1020 1379 1136 1452 modo
1231 1405 1233 1409 ⁴

126 1517 146 1564 e
163 1507 285 1590 puteo
305 1491 436 1569 hausta
451 1507 554 1569 esset.
576 1497 659 1566 Haec
678 1495 779 1569 enim
802 1494 985 1572 hactenus
1003 1493 1138 1594 frigida

92 1594 96 1611 ¹
125 1626 197 1699 est,
218 1624 263 1683 ut
281 1612 359 1684 sine
376 1613 421 1690 iis
436 1591 612 1709 pericuiis
631 1637 712 1710 quae
738 1637 758 1682 a
778 1610 1013 1710 frigidissima
1029 1616 1137 1698 timet

127 1727 375 1825 Hildanus(1)
386 1783 395 1816 ,
408 1726 591 1804 fibrarum
606 1729 681 1798 vim
695 1753 809 1824 quam
826 1754 1028 1828 praegressa
1041 1731 1137 1830 oph-

125 1844 285 1919 thalmia
299 1843 571 1934 infirmaverat,
590 1857 626 1919 et
635 1845 848 1932 restituere,
862 1862 898 1916 et
907 1871 1054 1921 servare
1069 1874 1137 1944 pn·
1176 1891 1179 1900 ι

126 1965 252 2036 tuerit.
271 1963 493 2060 Cujusmodi
509 1986 644 2059 aquam
660 1985 708 2032 an
724 1961 814 2034 velit
836 1962 880 2032 cl.
907 1963 1137 2050 Dethardinr

125 2083 209 2179 gius
223 2082 264 2152 in
280 2105 326 2152 eo
339 2081 542 2180 opusculo,
552 2078 659 2178 ,quod
669 2077 1137 2182 despecificoprophylac-

127 2203 199 2270 tiro
211 2197 409 2286 oculorum
419 2199 644 2296 inscriptum
655 2195 770 2268 edidit
777 2193 916 2268 Hafniae
926 2219 1031 2275 anuo¹
1045 2198 1136 2296 1745

124 2337 196 2414 pro
216 2332 321 2388 certo
337 2317 431 2391 scire
442 2341 522 2392 non
538 2339 715 2413 possum
732 2337 950 2411 quanquam
970 2315 1138 2406 eruditis,

126 2433 247 2508 simus
264 2432 525 2531 Hellerus(2),
546 2458 591 2504 ex
601 2457 678 2531 quo
691 2455 770 2512 uno
781 2433 860 2528 ejus
879 2433 1051 2529 opusculi
1065 2460 1135 2514 110·
1201 2517 1206 2530 ,

125 2552 248 2630 titiam
274 2549 417 2641 habeo,
439 2550 478 2625 id
501 2549 718 2649 specificum
736 2571 832 2639 esse,
857 2551 926 2639 ait,
957 2549 1135 2629 lotionem
1239 2577 1241 2581 ·

122 2693 213 2766 quae
238 2668 499 2767 aquuftcgida
518 2671 579 2764 fit.
601 2667 673 2740 Sed
696 2667 770 2746 hoc
791 2683 891 2740 certe
917 2672 1013 2759 scio,
1044 2695 1132 2744 cum
1235 2667 1239 2681 ’

125 2782 225 2862 forte
257 2787 338 2882 ejus
365 2811 480 2883 quam
501 2785 597 2875 dixi,
621 2810 726 2884 aquae
749 2784 901 2868 tandem
925 2788 1133 2874 omisissem

126 2927 261 2992 usum,
276 2903 609 2983 inflammationem
620 2958 630 2993 ,
643 2928 726 3002 quae
742 2925 863 2982 annos
872 2902 960 3000 plus
969 2905 1132 3001 quadra·
1170 2894 1173 2900 ¹

126 3023 232 3119 ginta
249 3019 438 3113 abfuerat,
458 3027 532 3098 cito
548 3021 702 3098 rediisse
721 3020 886 3118 primum
907 3020 1060 3116 quidem
1079 3024 1133 3101 le·
1170 3017 1174 3021 ’

125 3163 233 3230 vern,
258 3155 295 3214 et
311 3139 508 3239 palpebras
529 3154 677 3218 tantum
701 3133 943 3223 afficientem,
964 3138 1028 3208 sed
1049 3139 1132 3214 diu-

124 3269 301 3347 turnam,
324 3257 460 3336 deinde
481 3283 573 3336 vero
596 3281 681 3330 cum
702 3254 763 3328 hic
783 3253 985 3352 plerosque
1009 3271 1131 3338 aestate

82 3377 90 3390 ‘
126 3377 329 3474 arriperet,
345 3378 385 3451 iu
393 3375 651 3452 membranam
659 3378 777 3474 ipsam
787 3372 963 3450 adnatant
969 3376 1132 3472 graviter

127 3492 223 3568 adeo
242 3492 546 3584 incumbentem,
562 3509 603 3567 ut
623 3494 663 3564 in
678 3491 885 3567 chemosim
902 3489 1132 3590 degenerare

127 3609 203 3705 jam
221 3612 414 3710 inciperet.
434 3615 524 3703 Quae
543 3626 668 3692 tamen
686 3611 765 3694 sine
781 3633 884 3690 venae
901 3611 1065 3696 sedtione
1082 3612 1132 3700 ita¹

170 3898 214 3976 (r)
235 3900 321 3956 Cent.
343 3918 373 3966 1,
391 3899 453 3954 obs.
470 3916 518 3970 27·

170 3996 212 4077 (α)
233 3999 284 4056 Λᾶ
297 3998 405 4057 Boerh.
420 3997 514 4058 Meth.
529 3997 615 4058 stud.
631 3997 711 4057 Med.
726 4015 757 4073 p.
779 4003 824 4064 tt.

927 4091 964 4164 5*
