2812 4660
294 421 363 494 382
454 443 500 488 nn
527 435 672 486 seorsus
697 437 742 484 nr
767 433 892 482 cauus
917 434 1129 484 nonnosum

292 560 383 630 inea
394 552 665 639 observatione,
674 571 787 646 quam
797 545 1005 642 mediojam
1016 561 1205 620 autumno
1214 549 1299 618 anni

297 669 567 770 1708Venetiis
583 666 630 738 ab
649 690 686 738 se
698 688 831 738 recens
846 661 1033 753 habitam,
1054 678 1091 736 et
1110 688 1200 736 cum
1215 689 1301 762 qua·

293 790 379 862 dam
388 787 566 860 Valsalvae
579 783 634 882 (1)
646 809 665 854 a
677 798 711 855 te
729 779 1037 879 comparandam,
1050 782 1090 852 in
1104 781 1214 854 hunc
1224 807 1300 852 mo·

294 906 386 979 dum
397 903 560 976 narravit
578 899 901 1000 praestantissimus
920 899 1155 970 Santorinus.

344 1023 377 1098 8.
391 1023 472 1109 Vir,
481 1019 545 1116 qui
555 1032 661 1088 antea
674 1015 907 1088 laboraverat
917 1039 985 1112 per
995 1014 1191 1087 intervalla
1198 1014 1302 1087 brevi

297 1131 958 1238 respirandidifficultate,novissi1ne
970 1155 1008 1202 se
1017 1132 1115 1201 mori
1126 1131 1303 1218 clamans,

292 1255 537 1328 vehementer
554 1247 747 1321 ambulare
774 1271 843 1345 per
869 1243 1089 1320 cubiculum
1110 1249 1247 1347 coepit,
1269 1263 1301 1320 et

295 1371 449 1446 demum
469 1369 507 1440 in
531 1367 671 1438 lectum
687 1364 905 1453 concidens,
922 1363 1024 1436 illico
1043 1379 1221 1438 mortuus
1239 1380 1300 1438 est

294 1487 443 1560 Thorax
471 1485 600 1584 plures'
626 1482 740 1554 libras
764 1481 898 1554 habuit
927 1483 1000 1556 seri
1028 1483 1197 1572 cruenti,
1226 1508 1302 1554 non

296 1606 378 1706 pari
394 1620 519 1676 tamen
539 1602 716 1698 utrinque
734 1601 851 1698 copia.
874 1600 1018 1674 Arteria
1036 1594 1175 1698 magna
1191 1624 1302 1699 squa-

295 1724 366 1798 mis
383 1723 515 1810 osseis,
530 1735 567 1792 et
584 1719 682 1790 inter
692 1717 759 1790 has
772 1714 978 1792 tuberculis
994 1717 1239 1815 quibusdam,
1252 1719 1301 1790 in·

293 1856 357 1916 tus
372 1863 503 1939 aspera
520 1833 755 1935 deprehensa
775 1849 840 1908 est.
861 1834 995 1908 Cordis
1007 1836 1245 1910 ventriculus
1258 1838 1300 1910 si-

296 1961 433 2044 nister,
455 1972 492 2032 et
521 1949 688 2028 auricula
716 1953 868 2026 dextera
890 1952 1051 2026 dilatata.
1075 1957 1200 2053 Caput
1218 1969 1301 2054 post

295 2074 374 2150 haec
393 2072 607 2161 recludere,
627 2095 903 2170 supervacuum
915 2071 1037 2144 visum
1048 2085 1113 2146 est.

344 2220 379 2294 9.
407 2197 498 2285 Quae
514 2188 661 2262 duabus
669 2189 850 2288 proximis
866 2187 1195 2262 observationibus
1213 2215 1299 2288 pro-

296 2312 418 2412 posita
441 2323 548 2396 sunt,
569 2333 650 2378 non
666 2306 801 2380 dubito
827 2307 921 2402 quin
941 2306 1122 2405 pleraque
1147 2307 1212 2380 vel
1238 2332 1302 2406 per

297 2454 339 2502 ea
357 2453 440 2526 quae
455 2425 705 2524 supraposui,
722 2422 791 2493 tibi
805 2423 883 2520 ipse
898 2422 1071 2520 explices.
1086 2425 1221 2496 Unum
1239 2450 1300 2523 po·

298 2547 391 2630 tius,
426 2539 530 2639 quod
549 2542 589 2610 in
614 2555 749 2610 neutra
774 2555 849 2626 est,
874 2536 1028 2612 fortasse
1051 2565 1096 2612 cx
1114 2565 1177 2612 me
1203 2568 1301 2640 quaa-

298 2685 376 2744 res,
396 2683 445 2730 an
466 2653 648 2744 defuerit,
668 2671 706 2728 et
726 2658 756 2728 si
770 2660 973 2754 prasertim
990 2659 1029 2728 in
1039 2657 1164 2756 prima
1174 2658 1304 2750 defuit,

298 2775 392 2876 quid
416 2800 505 2874 ergo
535 2774 773 2850 sentiendum
799 2776 846 2846 sit
872 2775 919 2850 de
946 2775 1106 2848 Lancisii
1133 2777 1191 2875 (α)
1217 2778 1305 2876 dog·

298 2913 418 2984 mate,
446 2920 525 2995 quo
537 2921 580 2968 ex
596 2895 812 2968 dilatatione
831 2897 1027 2984 auriculae,
1045 2920 1088 2968 ac
1102 2894 1305 2968 ventriculi

297 3014 423 3091 cordis
441 3013 583 3086 dexteri
604 3015 731 3110 sequi,
748 3013 916 3101 tradidit,
935 3029 978 3086 ut
997 3011 1188 3086 orificium
1212 3036 1303 3110 quo·

296 3159 372 3232 quc
389 3132 486 3206 illud
503 3131 654 3228 utrique
668 3132 926 3246 interjectum,¹
942 3130 1046 3228 quod
1065 3130 1302 3227 triangulari·
1402 3203 1403 3206 Ἴ

295 3249 368 3324 bus
387 3249 545 3320 valvulis
565 3248 793 3320 instructum
816 3263 893 3336 est,
914 3247 1091 3322 dilatetur
1116 3247 1238 3332 adeo,
1264 3258 1302 3316 ut

297 3391 385 3438 cum
408 3367 570 3466 amplius
589 3364 690 3438 haud
712 3366 830 3464 possit
847 3365 907 3440 his
927 3366 1085 3438 omnino
1100 3363 1302 3463 praecludi,
1402 3427 1403 3444 ,

297 3484 488 3583 sanguinis
506 3485 631 3582 portio
650 3508 718 3583 por
736 3487 867 3574 rimas,
882 3486 982 3573 inter
1000 3483 1068 3558 has
1087 3481 1299 3556 necessario

295 3599 461 3692 hiantes,
482 3627 514 3674 a
526 3601 737 3674 ventriculo
755 3627 794 3676 se
813 3604 1094 3701 constringente
1110 3602 1150 3672 in
1164 3622 1297 3670 venam

332 3886 378 3964 (ι)
399 3885 492 3962 Epist.
515 3907 547 3958 17
566 3906 597 3942 n.
614 3905 659 3943 ιο.

332 3988 378 4067 (a)
397 3993 441 4050 De
456 3993 567 4050 Aneur.
583 3994 706 4067 Propos.
724 3985 760 4063 57
776 3997 806 4047 ct
819 3988 868 4046 60.
