2766 4670
138 410 203 473 urs.
231 401 263 472 ιζ
284 423 330 472 ns
355 422 807 488 nouorsctmrs,ur1sr.
834 430 907 477 xiv.
964 406 1029 509 157

53 539 144 612 deris.
172 542 252 636 Ego
281 536 434 636 quidem
450 536 719 636 undecumque
744 542 820 612 sint
849 542 1033 620 balbutiei

53 641 247 756 puellorum
273 677 389 728 causae
413 655 646 752 repetendae3
672 655 718 752 (a
740 657 913 757 pluribus
929 665 1032 734 enim

54 777 152 846 causis
161 788 296 873 praeter
312 796 373 846 eas
391 797 551 870 quarum
561 788 617 846 est
631 771 725 848 lacta
736 778 896 868 mentio,
910 783 1032 879 repeti

54 890 385 989 possunt)indidem
395 889 611 964 adultorum
620 891 826 966 balbutiem
834 896 1031 986 oriri,cre·

55 1008 110 1097 do,
124 1010 434 1106 quotiescumque
448 1006 609 1096 accidat,
621 1025 663 1082 ut
671 1031 841 1086 crescens
852 1027 937 1086 aetas
953 1017 1029 1090 sive

55 1119 164 1215 unam,
181 1127 257 1198 sive
270 1124 400 1224 plures
411 1148 587 1224 superare
601 1143 761 1224 nequeat
775 1129 923 1202 illarum
941 1155 1030 1206 cau-

56 1265 174 1314 sarum:
199 1266 296 1342 quas
318 1243 359 1314 in
379 1241 526 1316 tenellis
551 1244 678 1342 pueris
700 1241 862 1336 facilius,
887 1249 1029 1348 quippe

55 1362 106 1457 qui
121 1385 245 1434 omnes
262 1356 498 1448 balbutiunt,
518 1358 884 1453 animadvertendas,
901 1365 1028 1464 inqui-

57 1477 155 1550 sivisse
167 1476 336 1574 juvabit,
346 1490 389 1550 ut
401 1478 440 1548 in
455 1475 592 1550 adultis
607 1491 643 1550 et
656 1480 819 1575 sagacius
834 1479 1029 1579 dignosce·

55 1615 101 1683 re,
116 1608 148 1666 et
160 1594 285 1692 quoad
307 1593 387 1690 ejus
407 1591 490 1666 fieri
503 1595 640 1693 possit,
656 1594 788 1668 tollere
805 1596 1026 1694 aliquando,

57 1723 84 1780 et
95 1711 247 1784 minuere
265 1735 460 1784 conemur.

92 1825 138 1924 39.
150 1826 342 1902 Postremo
356 1827 460 1928 quod
470 1827 518 1898 ad
526 1830 648 1898 XXIII
660 1829 867 1902 sectionem
877 1834 1026 1924 attinet,

58 1961 182 2037 quaest
203 1947 249 2021 de
268 1949 428 2047 angina,
448 1945 658 2044 permirum
675 1960 744 2034 est,
761 1948 968 2044 gravissimi
990 1965 1028 2023 et

59 2056 319 2160 frequentissimi
333 2063 513 2162 laryngis,
529 2077 567 2136 et
584 2063 839 2160 proximarum
863 2061 1027 2138 faucium

59 2179 155 2252 morbi
163 2183 303 2256 nullam
315 2183 356 2253 in
366 2181 533 2254 sectione
548 2179 618 2251 hac
630 2194 709 2272 tota
726 2179 1028 2258 observationem

59 2294 205 2390 proferri,
219 2326 265 2374 ex
278 2324 354 2398 qua
369 2313 534 2387 constet,
551 2298 643 2396 quid
653 2299 693 2368 in
707 2299 866 2372 mortuis
881 2324 925 2372 ex
938 2301 1027 2399 legi·
1091 2391 1094 2396 1

60 2411 127 2484 tina
138 2417 266 2514 angina
282 2431 476 2517 repertum
501 2417 557 2488 sit.
575 2415 664 2487 Aliae
680 2417 782 2488 enim
796 2440 925 2488 earum
942 2443 1026 2516 quae

60 2529 312 2624 producuntur,
334 2533 637 2618 observationum
660 2531 706 2604 ad
727 2533 943 2631 pulmones,
963 2551 1028 2608 aut

61 2643 95 2714 ad
108 2645 183 2740 hos,
207 2668 244 2726 et
261 2652 434 2750 thymum
451 2631 608 2724 attinent
626 2652 809 2760 sapguine
828 2649 1026 2745 infarctos,

61 2783 193 2854 quorum
208 2771 263 2842 illi
280 2769 451 2870 pondere
470 2792 638 2866 asperam
658 2769 832 2840 arteriam
848 2770 1027 2844 deorsum
1093 2805 1095 2812 ·
1180 2769 1186 2786 ⁸

61 2877 236 2978 tnherent,
269 2886 335 2980 hic
357 2911 447 2961 vero
480 2899 587 2958 aucta
616 2886 716 2958 mole
743 2889 1025 2986 comprimeret,

61 2991 118 3066 alia
128 2999 169 3072 ad
183 3003 579 3094 cerebri,autaliarum
598 3003 761 3101 partium
773 3003 860 3095 vitia
871 3030 881 3091 ;
891 3019 934 3076 ut
946 3027 1026 3076 sus-

60 3110 151 3202 picari
157 3112 285 3222 alfflis
291 3123 508 3220 inexpertus
518 3135 643 3219 posset
652 3143 763 3208 ‚num
777 3118 824 3190 ad
834 3120 1026 3218 laryugem

60 3247 213 3326 unquam,
234 3254 270 3312 et
288 3237 412 3311 fauces
429 3237 492 3311 hic
504 3235 663 3308 morbus
674 3248 826 3334 spectet.
844 3239 951 3308 Certe
963 3259 1028 3309 au·

60 3352 119 3416 ten
130 3351 164 3421 in
173 3358 305 3454 angina
319 3371 494 3431 externus
505 3380 599 3454 saepe
616 3355 714 3426 circa
731 3352 799 3424 has
807 3368 949 3444 tumor,
963 3372 1028 3432 aut
1120 3397 1126 3412 ⁴

60 3454 221 3562 internus,
240 3490 282 3548 ut
301 3499 379 3548 non
399 3473 513 3547 semel
528 3473 708 3561 vidimus,
732 3485 769 3544 et
789 3486 894 3543 caute
913 3472 1030 3546 incidi

59 3572 312 3682 imperavimus,
332 3592 408 3688 jam
428 3615 504 3690 pus·
518 3591 794 3676 continentem
820 3588 860 3658 in
886 3589 1029 3692 laringe

62 3709 163 3771 autem
180 3729 220 3778 ea
243 3734 325 3806 quae
347 3711 469 3809 prima
489 3707 788 3805 laryngotomiae,
807 3720 850 3780 ut
875 3723 1030 3797 vocant,

61 3806 268 3897 instituenda
282 3850 392 3899 causa
410 3823 500 3915 fuit,
518 3824 694 3922 anginam
710 3838 893 3896 testantur
910 3823 958 3895 ab
974 3825 1031 3894 in-

24 3955 27 3968 *
64 3920 288 4016 danmatione
308 3968 390 4040 quae
414 3940 530 4033 modo
555 3941 672 4024 dictas
689 3941 868 4038 corripiat
885 3955 1034 4037 partes,
