2812 4660
177 433 248 480 mn.
275 430 390 477 11.-11E
415 428 552 478 uonms
576 429 773 495 ruonacrs,
799 432 911 480 nrisr.
938 435 1027 482 xvu.
1056 413 1125 486 335

117 543 212 616 bant
229 571 237 612 :
256 544 385 641 pulsus
406 556 485 614 erat
501 540 642 630 durus,
656 566 765 614 rarus
783 545 928 641 potius,
950 562 986 618 et
1003 549 1127 620 vibra-

117 677 197 750 tus,
214 685 412 758 nunquam
430 659 700 748 intermittens,
714 663 1124 762 nunquaminaequalis,

117 782 161 854 ln
176 796 308 852 utrum
322 777 477 864 liberet,
496 775 658 848 cubabat
679 777 785 848 latus.
806 783 906 877 Saepe
926 782 1127 873 tussiehat,

118 895 394 996 etexspuebat,
420 894 485 967 sed
510 918 651 993 pauca,
671 910 707 965 et
727 919 862 967 serosa.
889 897 1022 972 Missus
1043 927 1128 974 san-

119 1019 222 1117 guis,
241 1030 442 1116 postquam
462 1028 724 1100 concreverat,
742 1039 933 1112 perpauco
954 1018 1127 1092 seceden-

118 1149 154 1208 te
180 1159 285 1222 sero,
312 1147 348 1205 et
373 1131 447 1203 hoc
475 1131 579 1202 luteo
609 1128 748 1219 albam,
775 1133 880 1202 utin
907 1133 952 1204 iis
974 1137 1041 1231 qui
1061 1162 1127 1235 pe-

118 1251 388 1350 ripneumonia
420 1247 616 1336 laborant,
646 1263 808 1320 crustam
838 1249 1024 1341 ostendit,
1051 1268 1127 1328 tres
1192 1323 1194 1328 ,

118 1371 256 1470 digitos
287 1369 416 1454 altam,
445 1390 531 1438 cum
565 1363 683 1435 rubra
707 1365 874 1460 subjecta
903 1392 988 1464 pars
1011 1369 1125 1460 duoS,

117 1487 221 1560 haud
239 1487 399 1584 amplius
424 1498 528 1556 esset.
549 1483 670 1580 Coepit
687 1482 823 1556 deinde
836 1484 1027 1558 interdum
1045 1491 1126 1560 ani*

118 1607 170 1676 mi
195 1603 373 1700 deliquiis
397 1603 557 1698 corripi,
580 1615 618 1670 et
641 1600 779 1670 sensim
803 1602 842 1670 in
863 1603 971 1698 pejus
996 1630 1126 1698 ruere²

119 1721 210 1796 facie
228 1721 371 1793 ultimis
396 1717 529 1790 diebus
552 1718 836 1788 intumescente.
856 1719 1022 1792 Tandem
1040 1747 1126 1794 cum

119 1841 166 1912 de
182 1841 282 1912 lecto
299 1839 339 1908 in
353 1837 494 1910 lectum
514 1829 800 1922 transferretur,
821 1832 946 1938 subito
961 1853 1016 1909 est
1031 1863 1129 1910 mor-

118 1973 215 2030 tuus.

166 2082 307 2152 Ventre
324 2087 478 2172 aperto,
496 2073 673 2144 intestina
692 2085 895 2168 conspecta
916 2086 1003 2143 sunt
1020 2086 1122 2148 ante·

116 2198 217 2268 riore
234 2190 327 2266 facie
348 2217 435 2264 cum
455 2205 626 2278 omento,
654 2190 798 2260 laterali
825 2204 950 2262 autem
969 2192 1067 2261 inter
1084 2215 1121 2262 se

116 2339 212 2386 nexa
226 2311 241 2383 ί
252 2310 317 2384 sed
332 2325 369 2382 et
378 2324 509 2380 caetera
520 2309 661 2379 viscera
674 2323 808 2404 praeter
818 2307 969 2380 solitum
980 2361 989 2397 ,
1001 2308 1121 2380 valide

115 2432 165 2504 ad
184 2432 373 2530 proximas
390 2443 514 2526 partes
532 2425 691 2524 alligata.
703 2424 762 2497 Sic
774 2427 885 2496 etiam
902 2425 1056 2499 thorace
1067 2452 1123 2501 re·

115 2550 244 2638 cluso,
260 2548 459 2647 pulmones
472 2543 610 2642 pleurae
631 2542 880 2631 cohaerentes,
898 2542 1027 2615 dexter
1037 2546 1121 2641 qui·

115 2667 204 2739 dem
221 2666 412 2765 plerisque
429 2663 469 2732 in
489 2661 581 2732 locis
599 2658 665 2730 ubi
676 2684 718 2731 ea
729 2673 848 2732 costas
863 2662 1061 2760 succingit,
1074 2663 1121 2739 si·

114 2787 234 2858 nister
250 2808 341 2856 vero
358 2805 454 2879 pene
474 2776 640 2874 ubique,
657 2792 700 2847 ut
713 2803 838 2874 neque
849 2801 870 2848 a
881 2778 1118 2868 mediastino,

114 2928 243 3000 neque
260 2927 281 2973 a
298 2898 598 2998 diaphragmate,
616 2919 739 2990 neque
755 2893 802 2966 ab
820 2894 895 2966 ulla
911 2853 1120 2995 iermepar·

115 3037 153 3094 te
180 3021 326 3093 solutus
353 3030 456 3088 esset.
486 3015 591 3086 Circa
619 3011 806 3082 bronchia
836 3013 1120 3110 quamplurima
1181 3009 1184 3018 ’

116 3153 225 3212 erant
238 3139 375 3234 nigrae,
394 3133 571 3228 duraeque
588 3111 792 3226 glandulae,
809 3128 887 3198 alite
908 3127 1019 3217 fahae,
1042 3131 1119 3200 aliae

116 3256 254 3328 hordei
270 3249 536 3350 magnitudine.
559 3246 702 3316 Arteria
717 3259 842 3316 autem
860 3270 995 3343 magna
1011 3245 1119 3318 indu-

115 3389 216 3462 rata,
233 3374 409 3468 intusque
438 3366 552 3439 osseis
576 3363 741 3459 squamis
765 3361 939 3459 praedita,
970 3363 1119 3438 dilatata

117 3507 220 3582 erat,
237 3505 281 3562 ut
298 3508 520 3582 aneurysma
542 3477 708 3552 efficeret
731 3493 813 3550 tres
826 3480 962 3578 digitos
984 3483 1120 3574 latum,

117 3610 288 3710 palmum
305 3607 482 3704 longum:
499 3600 591 3698 quin
610 3597 720 3668 etiam
739 3597 837 3668 circa
852 3614 1024 3696 quartam
1039 3601 1121 3674 tho·

117 3727 215 3800 ra‘cis
234 3723 446 3796 vertebram
466 3718 582 3816 magis
603 3714 849 3805 dilatabatur,
870 3733 912 3788 ut
937 3718 1017 3813 ejus
1035 3744 1120 3794 ver-⁸

101 3821 233 3918 'tebrae
254 3855 428 3914 excavato
446 3858 606 3934 corpore
617 3835 698 3931 ipsa
716 3833 830 3932 hujus
844 3849 1046 3932 occuparet
1063 3835 1120 3906 lo-

120 3987 207 4038 cum
226 3989 234 4033 :
254 3959 321 4033 ubi
347 3971 425 4031 erat
440 3979 535 4029 nexa
556 3951 793 4042 arctoadeo,
812 3969 855 4025 ut
877 3954 956 4026 sine
981 3953 1120 4046 lacera-
