2832 4662
159 411 229 459 m.
256 409 296 458 ιι.
324 407 371 456 ne
396 405 533 460 nonus
558 404 886 470 ruonacrs,rr1sr.
913 411 986 457 xix.
1016 389 1085 465 525

89 543 124 600 ta
140 529 308 624 sequitur
323 526 553 607 necessario,
579 535 622 591 ut
640 521 680 591 iu
697 545 737 591 re
755 536 844 592 nota
861 548 965 620 aeque
983 553 1089 626 aper·
1161 613 1162 618 ἵ

9 657 10 692 ³
86 645 131 717 tis
147 657 232 715 utar
248 638 393 713 Palfinii
403 638 457 738 (1)
468 637 603 710 verbis.
622 641 745 734 Atque
755 637 894 711 horum
907 643 1089 742 pleraque

87 786 106 832 a
122 785 185 832 me
201 758 301 831 dicta
327 771 453 856 putes,
477 781 557 826 non
577 769 653 826 tam
671 752 722 825 ob
741 755 882 846 Littrii,
901 784 1016 856 quam
1041 761 1091 833 ob

86 877 348 974 Dethardingii
367 874 443 972 (a),
465 888 502 945 et
524 874 749 944 asseclarum
779 877 1012 948 sententiam.
1044 881 1092 949 Hi

86 997 189 1070 enim
208 994 256 1067 ab
275 992 450 1066 adstricta
468 991 515 1062 ad
532 988 722 1062 orificium
746 990 909 1092 laryngis
934 996 1091 1096 epiglot.

84 1114 164 1186 tide
180 1127 216 1186 et
225 1110 513 1209 respirationem
525 1109 718 1205 intercipi,
736 1121 773 1180 et
783 1133 919 1208 aquam
931 1114 1091 1204 excludi,
1188 1191 1194 1198 ,

85 1233 311 1330 quasivero
336 1228 416 1300 haec
437 1227 476 1296 in
502 1223 680 1298 omnibus
702 1227 985 1322 excluderetur,
1010 1259 1091 1305 nou
1154 1287 1158 1294 -

84 1347 285 1436 dubitaut3
306 1371 432 1444 neque
447 1361 572 1416 tamen
594 1367 724 1416 eorum
745 1347 931 1444 quispiam
949 1364 1004 1424 est
1025 1353 1094 1449 qui

82 1470 126 1540 in
161 1465 446 1540 submersorum
476 1462 701 1534 dissectione
735 1461 993 1558 epiglottidem
1028 1469 1094 1541 de·

83 1607 255 1684 pressam
276 1605 297 1652 a
316 1606 371 1669 se,
385 1594 449 1652 aut
467 1580 514 1651 ab
532 1579 613 1652 aliis
630 1591 818 1675 repertam
831 1579 929 1652 dicat
940 1609 948 1651 ε
961 1599 1093 1656 contra

84 1716 217 1775 autem
238 1724 317 1770 non
329 1721 434 1770 secus
451 1711 564 1794 atque
579 1719 670 1794 eg0,
690 1710 856 1794 apertam
876 1697 1093 1794 glottidem,

84 1821 222 1894 elatam
242 1813 500 1915 epiglottidem
519 1819 632 1886 Evers
649 1838 802 1911 quoque
818 1813 873 1911 (3)
892 1817 932 1886 in
949 1831 1007 1889 tot
1018 1821 1095 1892 suis

87 1935 359 2035 experimentis
379 1956 528 2031 semper
541 1932 754 2028 conspexit,
773 1945 816 2002 ut
832 1933 942 2005 etiam
958 1935 998 2004 iu
1008 1959 1096 2033 pue·

85 2077 136 2124 ro
154 2053 209 2151 (Δ)
229 2051 337 2147 cujus
349 2049 550 2148 pulmones
565 2072 663 2145 aqua
680 2046 861 2138 subierat,
879 2052 935 2120 uti
951 2066 988 2122 et
1005 2077 1095 2125 ven·

86 2169 283 2241 triculum.
308 2167 377 2239 Illa
395 2181 522 2238 tamen
549 2188 663 2263 quam
681 2165 775 2255 dixi,
794 2190 835 2236 re
861 2167 1001 2264 posita,
1020 2173 1096 2242 De·
1135 2209 1137 2216 1

86 2285 333 2380 thardingius
347 2286 534 2383 praecipua
551 2284 677 2356 statuit
695 2283 977 2356 submersorum
993 2273 1097 2359 auxi·

88 2401 147 2472 lia
163 2425 242 2474 esse
259 2401 321 2472 illa
338 2426 408 2500 per
427 2427 509 2501 quae
528 2402 717 2500 epiglottis
735 2401 948 2492 attollatur,
966 2421 1049 2494 aut,
1067 2405 1105 2478 si

85 2516 133 2590 id
153 2544 233 2590 non
246 2521 384 2616 possit,
399 2519 498 2590 viam
512 2520 621 2590 aliam
634 2520 711 2592 aeri
720 2544 791 2617 pro
801 2545 844 2592 aa
860 2546 973 2618 quam
991 2525 1097 2597 carti·
1145 2555 1147 2562 a

32 2728 40 2742 ·
83 2637 178 2735 lago
206 2634 283 2706 haec
308 2636 547 2726 intercludit,
576 2638 797 2736 aperiamus.
834 2642 966 2739 Itaque
997 2641 1097 2714 hanc

84 2754 260 2824 immisso
282 2768 362 2824 tum
389 2755 511 2826 statim
529 2755 568 2824 in
586 2751 711 2827 fauces
730 2755 870 2853 digito,
887 2773 952 2829 aut
972 2784 1098 2855 penna

85 2871 240 2970 potius,
260 2871 483 2966 penicillove
502 2895 547 2942 ex
568 2875 655 2942 setis
678 2873 922 2963 irritandam,
940 2891 1021 2946 tum
1038 2903 1097 2948 ex·

86 2985 282 3062 citandam
303 2987 413 3058 etiam
433 2977 678 3084 posteaquam
699 2987 770 3058 sub
795 2989 948 3086 larynge
963 2995 1098 3064 arteria

86 3127 226 3204 aspera
250 3118 402 3202 pertusa
419 3101 565 3189 fuerit,'
579 3103 740 3177 subinde
758 3105 805 3176 ad
823 3105 938 3202 hujus
960 3108 1098 3182 vulnus

86 3223 214 3320 digito
233 3223 424 3320 apposit0,
441 3235 506 3292 aut
521 3221 614 3293 tussi
633 3224 835 3319 imperata,
858 3239 899 3294 ut
918 3225 1096 3298 alterutro
1154 3255 1160 3275 ¹

86 3338 212 3414 modo
233 3340 395 3437 impulsa
412 3338 460 3411 ab
473 3363 558 3410 aere
578 3339 767 3437 epiglottis
780 3340 980 3413 attollatur.
999 3345 1098 3434 Quo·
1128 3344 1131 3350 ’

200 3657 288 3712 Anat.
301 3654 344 3710 du
356 3672 442 3728 corps
455 3653 538 3710 hum.
555 3664 591 3709 tr.
607 3654 641 3726 3,
658 3674 682 3711 c.
700 3653 728 3712 8.

151 3673 163 3709 1

148 3653 181 3830 a}
202 3754 309 3813 Sched.
327 3755 363 3814 de
376 3753 501 3812 subven.
513 3753 681 3810 submersis.
695 3773 749 3830 per
761 3756 959 3832 laryngotom.

134 3652 147 3731 (

134 3751 147 3830 l

136 3851 149 3928 l

136 3950 149 4028 (

151 3851 182 3928 3)
202 3853 325 3910 Dissert.
339 3854 389 3910 cit.
398 3869 503 3930 supra,
518 3853 557 3909 ad
568 3871 598 3907 n.
614 3853 662 3919 43.

151 3952 182 4029 t)
204 3956 263 4023 57·
