2750 4658
250 387 321 462 230
418 409 466 455 nn
490 403 637 453 ssmrus
662 403 706 451 nr
730 403 855 452 crusis
881 393 1091 453 nonrouuu

246 529 338 626 qrius
355 522 410 622 (ι)
428 537 571 606 autem,
585 515 804 617 pulmonem
807 513 1176 618 ponciacorpo'rthas
1186 548 1258 594 esse

253 648 405 716 omnino
435 641 615 726 liberum
639 637 686 708 ad
717 637 831 733 hujus
858 637 1054 736 aliquanto
1083 644 1258 740 propius,

252 785 369 861 quam
388 760 437 832 ad
453 759 575 849 illius,
596 756 879 851 obserrationes
897 775 998 829 meas
1019 754 1158 847 fatear,
1176 762 1258 830 uni·

253 905 360 955 verse
378 889 545 978 sumptas
553 875 744 972 secedere.
765 877 865 946 Num
881 897 972 974 ergo
982 877 1114 974 pausis
1132 876 1261 948 dunta-

254 1015 317 1074 xat
335 997 556 1072 bominibus
573 993 719 1066 facilem
740 996 818 1066 esse
834 994 1144 1096 respirationem,
1163 994 1260 1068 dice

254 1144 341 1192 mus
357 1119 372 1188 i
388 1141 460 1216 ego
486 1140 534 1189 ne
552 1115 592 1187 id
613 1114 766 1214 quidem
799 1111 954 1186 fortasse
984 1113 1134 1200 dinero,
1162 1115 1260 1212 quod

256 1237 390 1310 dicunt
418 1235 553 1334 aliqui,
571 1234 810 1328 faciliorem,
839 1257 927 1304 curn
950 1233 990 1301 in
1012 1230 1263 1304 adultioribus

215 1391 217 1396 ·
256 1355 333 1427 fere
352 1369 538 1452 perpetuo
565 1345 664 1424 hane
693 1352 918 1450 agnoverint
932 1349 1189 1422 adhaesionem
1208 1377 1264 1423 re-

256 1475 383 1574 periri.
401 1475 478 1544 Neo
493 1487 618 1545 tamen
637 1483 838 1569 propterea
851 1489 941 1540 cum
958 1466 1034 1540 illis
1048 1465 1145 1540 facio
1162 1471 1226 1568 qui
1243 1495 1262 1540 a

257 1605 394 1662 natura
420 1589 460 1660 id
478 1613 556 1663 esse
587 1599 840 1676 consumunt,
864 1585 987 1686 probe
1011 1609 1180 1677 memor,
1205 1589 1264 1657 vix

260 1709 300 1779 in
326 1707 452 1806 aliquo
476 1707 523 1780 de
547 1721 605 1779 tot
623 1704 775 1778 foetibus
794 1729 814 1776 a
834 1729 895 1776 me
919 1704 1105 1788 dissectis,
1126 1729 1262 1776 conne-

257 1829 409 1898 xionem
423 1826 610 1923 ejusmodi
626 1825 791 1923 aliquam
803 1822 1133 1920 animadvertisse(
1147 1846 1263 1921 quan-

259 1965 375 2038 quam
394 1965 476 2013 curn
500 1963 547 2012 ea
567 1945 786 2038 quempiam
801 1945 905 2010 nasei
927 1963 1005 2010 non
1018 1939 1172 2043 videtur
1187 1961 1263 2014 ore·
1358 2009 1359 2026 ,

260 2057 396 2131 didisse
421 2057 777 2131 Diemerbroeckius
804 2056 888 2156 (ul)
909 2081 980 2128 nec
1000 2059 1126 2130 minus
1154 2083 1263 2132 eons-
1358 2049 1359 2052 ¹

261 2176 359 2265 cius,
375 2186 451 2247 tani
467 2200 554 2248 raro
571 2177 611 2246 in
633 2177 773 2249 caeteris
795 2199 877 2274 quae
894 2187 1083 2248 structura
1110 2178 1264 2275 propius
1358 2189 1359 2212 ¹

261 2290 309 2362 ad
333 2317 403 2366 nos
424 2293 629 2382 accedunt,
651 2293 876 2364 animalibus
902 2317 984 2364 eam
1013 2293 1198 2382 inveniri,
1225 2307 1264 2364 ut

261 2410 449 2508 siquando
468 2410 581 2509 paulo
593 2409 761 2508 ¹amplior
776 2423 967 2497 occurrat,
984 2407 1046 2480 illa
1060 2409 1118 2480 ‘de
1136 2413 1263 2484 morbo
1358 2391 1359 2416 ¹

263 2542 433 2625 suspecta
446 2534 528 2598 sint.
546 2533 686 2600 Verum
704 2545 747 2602 ut
765 2553 785 2602 a
802 2541 936 2604 natura
953 2553 1032 2601 non
1047 2542 1123 2618 est;
1139 2533 1192 2602 sic
1204 2555 1264 2602 ne-

250 2670 363 2743 que,
382 2659 425 2716 ut
442 2645 542 2716 idem
557 2647 911 2722 Diemerbroeeltius
930 2647 1087 2746 putabat
1096 2702 1105 2736 ,
1120 2650 1185 2719 vix
1201 2673 1263 2720 un-

262 2786 378 2860 quam
393 2763 466 2837 nisi
484 2789 505 2835 a
523 2766 658 2838 morbo
682 2783 757 2856 est,
784 2779 875 2867 puta
892 2766 1116 2867 pleuriticis,
1134 2776 1264 2867 perip—

249 2888 484 2972 neumonia,
504 2885 628 2957 aliove
640 2884 769 2973 sim-ili,
791 2884 1263 2957 eumeruleemtionemor·

265 2999 313 3069 bo
326 3025 335 3088 3
350 3002 591 3098 nequeenim
606 3002 785 3074 credibile
801 3017 872 3091 est,
887 3018 924 3074 et
940 3025 1035 3101 saepe
1044 3027 1177 3075 verum
1190 3027 1262 3074 non
1358 2981 1359 3000 ³

266 3128 344 3188 esse
364 3119 519 3208 scimus,
540 3121 569 3191 si
582 3142 722 3218 paucos
740 3120 919 3218 excipiam,
939 3118 1113 3192 homines
1132 3141 1262 3192 omnes

265 3233 433 3330 reliquos
443 3237 626 3332 ejusmodi
639 3237 823 3332 malaesse
832 3258 1030 3336 perpessos
1044 3261 1052 3305 t
1067 3237 1136 3308 sed
1147 3238 1261 3308 multo

259 3349 499 3444 probabilior
533 3353 751 3448 conjectura
776 3367 836 3424 est
865 3375 980 3449 quam
1005 3353 1057 3425 ad
1086 3377 1148 3425 me
1178 3356 1262 3425 olim

267 3467 457 3564 scripsisse
476 3470 632 3556 memini
648 3469 714 3542 cel.
735 3470 965 3566 Vernojum‚
990 3471 1094 3567 quod
1108 3472 1210 3559 solis,
1229 3483 1261 3540 et
1358 3525 1359 3542 t

265 3609 386 3682 prope
416 3586 593 3660 omnibus
622 3584 859 3675 hominibus,
885 3611 955 3664 nec
982 3612 1113 3659 eorum
1141 3603 1259 3660 tamen

1044 3764 1263 3788 w

306 3870 351 3947 (ι)
371 3871 441 3929 Vid.
456 3871 555 3929 Schol.
570 3873 609 3931 ad
621 3874 684 3930 obs.
700 3873 737 3930 65
750 3875 799 3932 eit.
812 3871 851 3931 ad
863 3875 960 3933 eumd.
976 3895 1007 3932 n.

306 3968 350 4047 (a)
370 3971 439 4027 Vid.
452 3972 551 4029 Schol.
565 3974 604 4031 ad
615 3974 665 4031 eit.
679 3974 743 4030 obs.
759 3979 805 4042 nl.
