2648 4508
185 359 258 459 39⁰
349 381 396 433 oa
422 380 567 429 sanioris
592 381 635 429 aa
660 379 784 428 causrs
810 380 1018 429 noanomnt

184 499 236 571 ris
256 495 360 594 quod
380 494 427 565 ad
449 519 629 565 venarum
646 494 876 590 pulsationes
903 493 949 564 ab
967 495 1188 569 arteriarum

185 611 463 714 pulsationibus
477 611 804 698 internoscendas,
825 637 902 683 non
919 611 1190 703 adnotaverim,

184 730 460 807 attendendum
480 753 578 815 esse,
593 728 686 816 alio,
709 754 753 801 an
775 729 907 802 eodem
925 754 1001 825 quo
1024 754 1089 799 cor
1106 731 1192 827 pul·

187 864 263 938 sat,
290 864 461 944 tempore
491 846 735 942 contingant:
759 846 848 917 hinc
871 847 969 918 enirn
1000 837 1190 918 interdum

107 1030 112 1037 ,
185 991 296 1066 possa
310 963 485 1050 nosfalli,
502 963 687 1060 intelliges
698 962 904 1061 postea(1).
917 967 1096 1035 Praeterea
1112 965 1192 1035 ani·

185 1082 500 1159 madvertendum
517 1097 588 1168 est,
602 1083 768 1179 possitne
784 1082 854 1152 alia
870 1082 993 1180 aliqua
1009 1106 1087 1154 esse
1104 1108 1192 1180 pro·

187 1203 302 1301 positi
319 1201 414 1297 signi
435 1223 564 1288 causa,
586 1225 667 1296 quae
688 1201 727 1270 in
749 1200 929 1298 organico
954 1201 1044 1270 vitio
1070 1200 1193 1272 cordis

188 1319 354 1395 necdum
373 1319 568 1407 consistat,
582 1333 623 1389 ut
640 1332 730 1417 puta
750 1318 789 1387 in
808 1318 1018 1415 virginibus
1029 1318 1195 1390 chlorosi

189 1435 340 1509 affectis.
369 1437 560 1510 Lancisius
586 1436 600 1532 l
627 1437 640 1533 )
664 1461 829 1533 namque
855 1437 923 1507 etsi
949 1435 995 1506 ad
1018 1437 1193 1507 eumdem

189 1553 346 1631 modum
363 1555 402 1625 in
422 1552 481 1625 his
494 1552 723 1650 jugularium
739 1578 921 1625 venarum
942 1553 1194 1650 pulsationem

190 1671 378 1758 accidere,
399 1696 478 1741 uon
506 1669 667 1760 dubitat,
689 1687 777 1742 tunc
795 1673 999 1770 praesertim
1021 1696 1106 1742 cum
1127 1696 1197 1769 per

111 1784 114 1790 ’
190 1789 341 1863 acclivia
358 1787 617 1876 ascendendo,
633 1813 826 1859 recursum
843 1788 1034 1859 crassioris
1049 1791 1196 1885 sangui·

191 1907 251 1979 nis
265 1931 393 1979 versus
413 1906 581 1977 dcrtram
602 1922 746 2004 partem
766 1907 890 1977 cordis
906 1906 1132 1992 accelerant,
1151 1932 1196 1977 er

192 2049 268 2123 qua
286 2049 353 2120 per
373 2024 585 2112 obstructa,
601 2040 664 2095 aut
684 2049 917 2124 compressa,
935 2039 999 2094 aut
1016 2025 1196 2095 convulsa

192 2142 420 2241 pulmonum
446 2165 551 2227 vasa,
571 2166 675 2237 aeque
702 2143 861 2213 celerem
889 2143 1029 2212 exitum
1056 2141 1196 2212 habere

194 2284 273 2337 non
291 2274 434 2356 potest,
451 2259 519 2328 etsi
542 2259 652 2328 etiam
675 2257 798 2346 addit,
826 2259 856 2328 si
877 2257 943 2328 diu
967 2283 1009 2328 ea
1034 2258 1196 2354 pulsatio

193 2374 369 2448 remediis
387 2399 463 2445 non
479 2373 858 2483 cedens‘perseveret,
875 2376 934 2444 vel
951 2374 1065 2446 bisin
1082 2376 1197 2472 virgi-

194 2491 327 2576 nibus,
346 2490 396 2563 ut
409 2495 489 2588 ipse
508 2492 697 2563 interdum
718 2490 948 2580 observavit,
966 2492 1064 2571 illins
1081 2494 1199 2590 partis

195 2607 320 2680 cordis
338 2607 488 2681 tandem
507 2607 590 2680 fieri
608 2610 883 2697 dilatationem3
904 2636 983 2683 non
1003 2624 1198 2682 esttamen

195 2749 265 2797 cur
287 2739 395 2799 antea
421 2725 518 2802 hauc
536 2751 614 2798 csse
634 2729 906 2814 existimemus3
928 2727 1081 2824 quando
1103 2727 1198 2798 nihil

196 2844 326 2940 taepius
346 2844 496 2932 accidit,
516 2869 628 2941 quam
645 2860 687 2916 ut
704 2845 814 2916 simul
831 2870 915 2916 cum
937 2844 1103 2915 chlorosi
1118 2870 1198 2915 orn·

194 2961 257 3036 nia
271 2961 406 3033 abeant
416 2988 496 3060 quae
510 2987 591 3033 cam
602 2964 829 3039 comitantur
838 2943 1089 3033 incommoda.
1101 2966 1197 3033 Cum

172 3125 174 3130 ι
196 3094 463 3176 autem'neque
481 3079 542 3150 bic
563 3079 741 3166 morbus,
762 3106 887 3178 nequo
902 3081 996 3152 alius
1011 3080 1198 3176 ejusmodi

195 3193 308 3273 fucrit
328 3221 413 3269 cum
440 3212 481 3267 ea
502 3199 713 3294 pulsatione
732 3199 975 3297 conjunctum
995 3195 1198 3293 significari

196 3313 285 3397 hac,
309 3315 359 3385 ait
384 3315 459 3408 (3),
483 3329 587 3387 tauto
611 3318 728 3413 magis
752 3317 993 3388 dexterorum
1018 3341 1197 3386 carorum

193 3430 330 3533 cordis
350 3429 629 3518 dilatationem,
648 3436 679 3506 si
704 3449 800 3504 notae
819 3434 897 3504 allae
917 3433 1103 3528 adjunctae
1123 3435 1198 3529 siut

234 3731 279 3810 (t)
301 3736 338 3789 N.
359 3753 405 3791 ια.

236 3831 280 3910 (a)
301 3837 422 3909 Propos.
436 3833 470 3905 57
481 3877 489 3903 ,
501 3835 574 3891 ibid.
588 3837 636 3894 cit.

234 3931 279 4006 (3)
299 3938 423 4010 Propos.
440 3934 549 3992 cadet
567 3937 615 3993 60.
