2812 4660
156 500 223 547 ΗΒ.
250 499 289 545 11.
318 495 364 544 DE
391 495 526 543 ttottttts
551 495 873 560 tnoun01s‚ttt³tst·.
900 501 1005 550 xvttt.
1033 479 1104 580 379

107 637 176 710 que
192 633 311 709 genus
326 623 405 682 erat
423 611 463 682 in
484 625 588 682 aorta
606 611 869 707 conjunctum,
894 628 933 685 et
953 619 1102 712 sanguis

106 745 182 800 tum
202 751 268 801 sua
285 728 448 800 crassitie
465 728 583 826 magis
599 728 853 812 renitebatur,
866 743 946 801 tum
965 732 1104 807 salibus

106 843 209 918 foetus
229 843 498 934 erodentibus,
518 845 650 943 quales
672 845 730 918 rel
752 846 895 936 scabies
921 847 983 918 illa
1006 849 1104 925 indi·

105 962 224 1053 cahat,
243 962 470 1061 abrumpere
490 977 639 1060 poterat
660 964 814 1033 minima
834 963 1104 1062 (quaecumque

105 1105 143 1151 ea
158 1080 252 1177 siut)
273 1079 423 1152 vincula
442 1105 524 1179 quae
542 1079 667 1151 cordis
683 1077 796 1154 libras
812 1081 1102 1154 connectebant.

105 1195 211 1286 Quod
230 1198 262 1270 si
281 1197 356 1269 hoc
375 1194 487 1285 forte,
507 1211 570 1268 aut
587 1219 673 1296 pars
692 1197 771 1294 ejus
791 1198 917 1296 aliqua
935 1197 1053 1270 laxior
1081 1223 1102 1270 a

104 1313 338 1410 primordiis,
364 1329 401 1386 et
426 1313 615 1387 infirmior
635 1313 723 1405 luit3
747 1329 852 1388 tanto
870 1317 1014 1416 ipsum,
1040 1329 1103 1389 aut

104 1427 175 1502 haec
194 1432 343 1504 dilatari
357 1428 501 1505 facilius
519 1433 653 1532 potuit.

147 1547 177 1620 5.
203 1551 464 1624 Necessarium
483 1565 610 1621 autem
628 1549 795 1637 videtur,
818 1549 943 1620 sinon
965 1549 1040 1622 boc
1061 1551 1101 1622 in

103 1690 201 1756 casu,
217 1681 255 1739 at
274 1668 312 1738 in
327 1667 523 1739 nonnullis
535 1679 635 1738 certe
649 1664 748 1736 hanc
765 1664 935 1735 ultimam
950 1691 1101 1738 causam

102 1805 318 1882 agnoscere,
335 1785 439 1856 velut
465 1805 552 1854 cum
573 1781 671 1854 obex
692 1797 748 1854 est
770 1781 816 1852 ad
841 1797 1005 1872 aortarn,
1032 1809 1101 1858 nec

101 1913 223 1974 tamen
244 1904 412 1992 sinister,
429 1901 495 1976 sed
511 1901 641 1976 dexter
658 1901 783 1974 cordis
798 1899 1028 1971 ventriculus
1047 1901 1102 1972 di·

100 2015 245 2111 letatur,
255 2035 295 2092 ut
305 2021 344 2090 in
355 2045 401 2092 eo
414 2017 607 2093 Canonico
619 2019 725 2114 cujus
737 2017 1000 2090 dissectionem
1016 2041 1101 2116 pro-

100 2130 166 2207 fert
189 2137 385 2209 Lancisius
409 2137 424 2233 (
430 2135 475 2233 1).
499 2137 593 2208 Nam
618 2135 761 2234 alioqui
776 2135 883 2232 cttjus
901 2135 1103 2206 ventriculi

99 2253 290 2324 emissario
303 2252 511 2352 opponitur
521 2249 631 2340 obex,
645 2252 677 2324 is
693 2247 769 2324 fere
784 2249 1013 2322 ventriculus
1025 2273 1100 2321 ma·

100 2367 150 2464 gis
161 2367 259 2441 solet
269 2368 432 2458 dilatari,
447 2381 588 2470 utputa
599 2368 841 2441 sinistercum
853 2367 1101 2466 impedimen·

98 2496 175 2556 tum
196 2500 254 2558 est
281 2485 327 2558 ad
357 2489 530 2587 arteriam
551 2511 735 2588 magnam.
753 2485 1010 2578 Quamobrem
1029 2486 1101 2559 du-

97 2597 1100 2706 bito‚numLancisius,sisnisipsescriptissupremam
1154 2589 1173 2663 ³-

99 2739 250 2794 manum
264 2723 459 2822 imponere
479 2723 680 2824 potuisset,
700 2749 742 2797 ea
759 2723 998 2821 subjecturus
1014 2721 1100 2796 fuis·

100 2849 176 2906 set:
205 2863 292 2911 cum
318 2839 365 2912 ad
387 2855 530 2914 aortam
553 2855 609 2914 est
633 2839 888 2924 obstaculum,
915 2839 1100 2912 dilatatio-

98 2971 182 3024 nem
201 2961 239 3026 in
256 2956 399 3031 dextris
414 2959 539 3030 cordis
559 2959 657 3031 cavis
667 2957 889 3057 plerumque
903 2956 1024 3028 solere
1036 2983 1099 3027 ac-

100 3067 218 3143 cidere
229 3099 240 3143 :
251 3098 333 3145 curn
350 3099 441 3146 vero
459 3080 498 3146 in
513 3079 670 3147 sinistris
686 3073 844 3163 accidit,
852 3073 942 3164 flare
956 3097 1100 3172 semper

104 3185 139 3252 iu
154 3189 346 3282 auricula,
366 3213 443 3262 non
468 3197 505 3262 in
526 3189 733 3265 uentriculo
756 3191 961 3277 observari,
982 3189 1097 3288 idque
1193 3246 1211 3276 „

100 3317 225 3392 patere
235 3313 273 3378 in
283 3333 372 3380 casu
384 3309 503 3381 relato
517 3307 655 3408 abipso
668 3311 812 3380 Boneto
824 3307 863 3378 in
878 3305 952 3377 hoc
964 3308 1097 3407 Sepul-

104 3411 218 3493 chreti
236 3423 295 3497 lib.
313 3453 333 3498 a
354 3441 437 3498 rect.
459 3453 479 3524 7
500 3427 639 3500 observ.
660 3432 709 3525 49
725 3449 774 3498 ex
788 3423 935 3498 Daniel.
953 3429 1099 3498 Horatii

104 3539 425 3615 animadversione.
446 3547 541 3615 Nam
564 3547 596 3615 si
621 3569 708 3616 eum
732 3542 923 3642 relegisset
946 3567 1092 3631 casum,

104 3650 283 3728 sinistram
297 3659 451 3758 quidem
467 3659 674 3734 auriculam
683 3662 864 3759 mojorem
875 3667 1096 3758 apparuisse

106 3855 1092 3898 w...-

139 4015 180 4098 (Ι)
200 4027 243 4087 De
255 4034 366 4091 Aneur.
383 4033 457 4094 Oba.
476 4033 523 4094 53.
