2812 4660
222 429 293 476 nm.
320 427 361 474 11.
389 427 436 474 nn
462 423 598 472 nosris
623 425 819 490 monacis,
844 426 958 474 urrsr.
985 429 1073 478 nvn.
1101 407 1172 482 325

160 557 291 616 crusta
306 541 505 628 duntaxat,
530 540 678 629 relicta,
696 565 780 638 qnae
801 539 984 616 lateribus
1002 559 1040 616 et
1053 544 1174 621 fundo

159 656 590 732 uasis‘adhaerebatsSod
608 657 769 730 alterum
785 659 1002 731 tenuiorem
1019 641 1173 761 reliquit

159 793 347 866 crustam,
367 801 484 874 quam
506 776 691 874 primum,
718 799 878 876 eamque
895 781 1092 855 nonnullis
1109 783 1173 856 hir

156 898 238 968 illic
256 897 359 968 striis
376 895 588 967 distinctam
601 894 641 964 in
653 894 811 966 modum
822 895 913 967 nitri
925 899 1175 991 crystallinae·

158 1015 394 1115 dispositam.
410 1082 418 1100 .,

217 1157 272 1206 ιι.
300 1129 524 1204 Verisimile
540 1137 613 1216 est,
628 1129 707 1224 jam
724 1128 847 1200 indea
864 1131 1082 1228 primordiis
1092 1160 1171 1208 non

157 1253 343 1326 humores
360 1250 477 1324 modo
495 1250 620 1320 minus
637 1247 822 1338 salubres,
842 1249 907 1322 sed
920 1265 957 1326 et
975 1250 1096 1323 laram
1109 1250 1172 1328 fir·

153 1389 308 1442 marum
328 1368 509 1468 partium,
525 1366 788 1464 imprimisque
803 1368 979 1438 auriculas
998 1367 1170 1461 dexterae,

151 1490 235 1558 uim
258 1502 295 1560 et
317 1500 545 1559 structuram
567 1483 656 1554 huic
682 1483 814 1581 puellae
845 1483 1041 1582 oliu'gisse,
1065 1488 1169 1560 unde

155 1603 237 1676 fere
256 1600 684 1702 sempervaletndinaria
699 1599 832 1688 fuerit,
854 1601 977 1673 donec
993 1603 1057 1674 illa
1071 1606 1169 1677 auri·

156 1721 242 1792 cula
262 1723 301 1790 in
319 1743 541 1816 aneurysma
561 1718 699 1805 laxata,
717 1716 825 1790 facile
842 1720 999 1790 accemit
1013 1722 1056 1791 in
1074 1724 1170 1818 ejus·

153 1838 263 1910 modi
280 1861 460 1936 corpore,
479 1835 640 1925 ventris,
667 1834 856 1925 thoracis,
880 1837 1082 1934 pericardii
1099 1839 1168 1936 hy-

152 1957 292 2055 drops;
307 1971 444 2028 utnon
459 1973 541 2024 uuo
559 1951 716 2042 morbi),
735 1951 801 2024 sed
818 1951 1009 2051 pluribus,
1027 1953 1067 2023 in
1082 1953 1167 2026 tho·

153 2099 242 2146 race
262 2074 485 2172 presertim,
503 2071 615 2144 simul
633 2069 876 2170 urgentibus,
894 2070 1167 2144 nonnosum

153 2193 290 2264 mortis
308 2213 445 2289 genere
466 2188 697 2277 ertinctasit.

211 2333 263 2380 ια.
277 2308 406 2405 Virgo,
417 2326 500 2406 quae
510 2305 558 2378 ab
567 2305 761 2376 nativitate
770 2327 893 2400 usque
902 2327 1169 2404 semperaegro·

152 2437 239 2496 tans
249 2421 430 2516 jacuerat,
441 2421 491 2494 ob
505 2443 698 2494 summum
714 2423 921 2520 praesertim
939 2423 1075 2494 virium
1084 2424 1167 2496 lon-

151 2534 333 2640 guorem,
352 2539 533 2613 anhelans
549 2539 777 2640 respirabat,
789 2556 829 2613 et
839 2555 921 2613 tota
937 2555 1024 2613 erite
1034 2541 1165 2615 colore

152 2659 261 2758 quasi
273 2656 388 2730 livido
403 2655 539 2730 infecta
553 2673 644 2730 erat.
665 2657 831 2730 Tandem
850 2657 1002 2730 eumad
1021 2683 1166 2732 annum

144 2777 305 2853 circiter
313 2775 505 2848 decimum
519 2791 664 2850 sextum
675 2781 925 2875 pervenisset,
936 2792 1086 2850 memus
1097 2793 1164 2850 est.

152 2898 231 2966 Cor
247 2893 381 2966 habuit
392 2896 587 2992 exiguum,
600 2909 638 2967 et
652 2915 878 2968 mueronem
893 2919 1042 2985 versus,
1059 2899 1166 2993 quasi

152 3011 448 3086 subrotundum.
481 3013 724 3086 Ventriculus
756 3015 905 3088 sinister
941 3009 1061 3083 forma
1087 3028 1166 3084 erat

152 3151 231 3223 qna
246 3127 340 3199 solet
353 3126 503 3216 dexter,
520 3132 557 3200 et
575 3127 705 3200 dexter
721 3129 884 3200 vicissim
902 3153 978 3226 qua
995 3128 1167 3218 sinistam

154 3257 194 3314 et
220 3264 439 3342 quanquam
456 3245 531 3318 hoo
551 3244 676 3330 latior,
695 3244 902 3343 parietibus
920 3259 1048 3318 tamen
1066 3271 1165 3320 eras·

155 3361 331 3434 eioribus.
352 3367 513 3436 Dextera
528 3363 668 3461 pariter
679 3362 848 3436 auricula
859 3377 938 3434 tota
948 3362 1067 3462 duplo
1082 3381 1165 3438 erat

154 3478 362 3574 grandior,
384 3503 498 3578 quam
522 3495 601 3552 tota
625 3481 789 3567 sinistra,
816 3477 1012 3578 duploque
1034 3491 1168 3554 carno·

154 3599 244 3669 sior.
262 3603 365 3670 Inter
377 3615 580 3698 utramque
594 3601 707 3670 etiam
724 3605 805 3670 tum
825 3599 977 3698 patebat
995 3597 1165 3672 fommen

148 3716 279 3804 ovele,
290 3732 334 3788 ut
351 3719 550 3790 minimum
569 3717 728 3815 digitum
743 3733 869 3816 posset
882 3718 1090 3790 admittere.
1110 3719 1166 3788 De

155 3830 279 3905 tribus
290 3835 448 3918 valvulis
467 3833 759 3933 triangularibus
774 3835 913 3930 justam
928 3857 1004 3906 una
1017 3833 1167 3930 ‘magni-

155 3948 348 4042 tudinem3
378 3952 461 4026 duae
481 3954 633 4052 relique
653 3955 839 4026 minorem
860 3950 1062 4026 hebebant.
1084 3952 1167 4049 Sig-
