2842 4672
284 476 353 525 tre.
381 477 406 524 1.
434 475 482 522 rr
507 460 1077 552 norniscarrrrs,'rr1sr.-x111.
1165 453 1185 528 5

175 592 267 666 bere
288 604 470 688 coeperat,
489 604 601 662 nocte
623 587 819 676 dormiisse
840 592 985 689 accepi,
1013 605 1050 694 et
1069 590 1189 666 multa

177 730 219 780 ac
230 706 338 780 facile
346 707 738 806 expectorasse,quod
748 723 785 779 et
793 706 1068 798 tnncfaciebat,
1086 734 1188 784 cras-

177 851 217 896 sa
235 840 278 897 ut
295 823 392 911 vidi,
409 841 446 897 et
464 826 627 899 tinctura
647 824 809 924 quadam
825 822 978 914 infecta,
995 841 1037 897 ut
1054 853 1099 900 ex
1119 852 1185 898 ru·

175 942 247 1026 bro
268 941 458 1015 flaverent.
478 943 663 1015 Naturalis
683 957 762 1014 erat
778 957 974 1041 aspectus,
998 958 1035 1014 et
1053 943 1184 1034 color,

175 1059 292 1132 facilis
309 1062 439 1146 tussiS,
460 1059 575 1134 facilis
592 1063 631 1132 in
652 1077 780 1134 utrum
801 1060 935 1150 liberet
953 1060 1051 1132 latus
1072 1047 1203 1134 decu-¹

175 1179 296 1268 bitus,
315 1181 446 1252 nullus
463 1181 503 1250 in
515 1179 669 1252 thorace
688 1179 892 1278 ponderis,
910 1177 1073 1268 doloris,
1090 1179 1186 1250 calo·

175 1297 228 1368 ris
246 1321 393 1388 sensus,
409 1297 501 1370 levis
518 1298 615 1387 sitis,
634 1297 791 1370 humida
804 1297 947 1396 lingua,
964 1314 1076 1395 atque
1087 1297 1183 1370 alba.

173 1414 258 1484 Alvi
285 1431 540 1504 recrementa,
566 1430 614 1490 ,ut
639 1417 678 1486 in
703 1416 802 1488 sanis
827 1415 959 1488 solent.
981 1415 1106 1489 Urinae
1133 1414 1184 1487 ob

173 1544 433 1630 tempestatem
460 1531 632 1631 frigidam
655 1535 734 1630 jam
761 1532 948 1624 turbatae,
965 1533 1052 1620 sed,
1079 1530 1185 1630 quod

173 1674 298 1721 unum
304 1639 474 1748 judicare
485 1667 676 1750 poteram,
691 1652 897 1726 decolores.
911 1655 1018 1722 Mens
1031 1675 1139 1748 prom
1144 1676 1185 1750 p-

173 1783 210 1838 ta
222 1793 238 1856 ;1
252 1767 318 1840 sed
335 1768 496 1840 verbum
511 1785 638 1842 tamen
655 1769 848 1868 quoddam
868 1794 957 1841 cum·
978 1783 1184 1867 quaereret,

172 1910 252 1958 non
269 1886 456 1985 provenit.
473 1889 606 1964 Pulsus
616 1913 687 1960 nec
702 1888 867 1976 debiles,
883 1913 953 1960 nec
972 1889 1093 1985 parvi;
1105 1889 1184 1958 imo

172 2003 304 2093 validi,
320 2019 358 2076 et
372 2006 521 2102 magni:
540 2029 619 2076 non
636 2004 745 2092 duri,
759 2003 825 2076 sed
838 2007 935 2078 tensi
946 2018 1074 2074 tamen
1088 2029 1186 2076 non-

172 2119 285 2207 nihil,
315 2120 507 2220 iidemque
534 2118 838 2222 frequentissimi.
865 2119 1074 2218 Respiratio
1104 2143 1185 2217 quae

170 2236 231 2310 his
248 2237 420 2336 pulsibus
436 2241 673 2328 conveniret,
693 2254 834 2313 etcum
854 2239 925 2310 ba'c
943 2259 1058 2310 sonus
1078 2239 1185 2334 quasi

169 2353 365 2430 bullientis
392 2360 433 2428 in
459 2357 706 2457 pulmonibus
738 2356 913 2430 catarrhi.
943 2351 1184 2428 Manifestum

171 2489 251 2546 erat
264 2473 453 2566 omnibus,
464 2501 543 2547 non
554 2475 712 2548 medicis
724 2475 858 2564 modo,
874 2487 1041 2573 spretum
1052 2474 1184 2570 primis

170 2591 305 2667 diebus
321 2592 499 2665 morbum
516 2593 563 2676 ab
583 2618 650 2666 sua
668 2609 804 2666 natura
824 2592 1086 2691 degenerasse,
1103 2615 1186 2690 gra·

170 2734 333 2808 vemque
350 2735 393 2781 ac
414 2712 693 2810 periculosum,
709 2737 790 2784 non
804 2711 925 2782 levem
940 2734 1019 2782 esse
1030 2763 1040 2796 ,
1053 2723 1098 2780 ut
1117 2710 1184 2780 uni

169 2825 289 2926 aegro,
314 2828 419 2926 quod
440 2829 540 2922 ¹mibi
565 2831 721 2904 minime
752 2828 943 2928 placebat,
968 2824 1180 2897 videbatur.

170 2946 290 3018 Multo
297 2961 434 3034 ,autem
446 2950 565 3048 magis
579 2946 762 3049 postridie
772 2945 962 3045 displicuit
969 2943 1075 3014 idem
1093 2945 1182 3040 aegri

170 3063 216 3135 de
239 3089 309 3136 suo
333 3065 468 3137 morbo
485 3065 690 3162 judicium,
716 3091 805 3137 cum
828 3063 1020 3150 audirem,
1038 3063 1182 3132 insom-

170 3205 259 3253 nem
285 3184 402 3282 egisse
421 3183 594 3274 noetem,
620 3200 661 3258 et·
683 3199 810 3282 sputa,
838 3178 1058 3252 meridianis
1077 3177 1183 3250 horis

170 3297 265 3372 facta
278 3302 356 3396 jam
373 3326 493 3400 pauca
505 3319 542 3377 et
558 3303 701 3392 albida,
719 3320 811 3375 tunc
835 3323 915 3372 esse
937 3296 1063 3386 nulla,
1080 3294 1182 3368 vide·

170 3443 251 3490 rem
270 3435 396 3490 autem
410 3423 697 3519 respirationem
717 3421 965 3504 crebriorem,
991 3416 1182 3488 altiorem-

170 3559 265 3630 que,
283 3539 429 3608 tametsi
448 3538 611 3634 pulvinis
631 3537 859 3626 cervicibus,
879 3535 1070 3631 dorsoque
1092 3530 1179 3603 sub-

167 3650 481 3745 jectis,nonnibil
497 3656 640 3753 erigere
650 3656 871 3729 studuerant
882 3708 892 3742 ‚
902 3653 1002 3742 sitim
1013 3665 1182 3735 auctam,

170 3782 213 3839 ut
231 3765 406 3868 frigidam
426 3789 601 3871 cuperet,
621 3775 858 3846 stomachum
874 3768 1119 3870 languidum,
1138 3779 1182 3839 ut

169 3883 248 3958 vini
269 3889 475 3985 pauxillum
500 3909 682 3990 posceret.
701 3893 879 3984 Quamvis
901 3903 1028 3960 autem
1048 3897 1179 3958 caetera

116 4029 120 4036 ·
172 4021 312 4096 essent,
331 4021 375 4078 ut
390 4009 532 4108 pridie3
550 4013 641 4111 quin
656 4013 789 4112 pulsus
805 4023 929 4106 essent
941 4001 1094 4094 molles,
1108 4001 1179 4074 mi·
1246 4023 1249 4030 ’
